2820 4724
686 274 723 333 ll

156 458 247 527 stulis
268 455 341 535 11113,
354 474 433 538 quas
454 475 474 521 a
495 455 690 538 principibus
711 455 869 519 nonnullis
892 454 933 519 ad
949 453 1118 519 Persarum
1141 473 1250 534 regem

156 566 268 630 missas
299 562 399 630 relert
418 562 593 628 Trebellius
629 561 728 627 Pollio
762 561 805 642 (v.
833 561 1041 626 Valeriam
1070 577 1096 624 c.
1122 565 1137 623 1
1166 564 1249 641 sqq.)

156 690 299 755 quasque
333 672 373 736 ab
402 689 464 737 uno
494 677 529 736 et
558 672 666 737 eodem
699 670 854 750 scriptore
884 668 1033 735 confictas
1061 687 1130 752 esse
1156 661 1250 734 nemo

155 783 268 850 harum
288 800 397 848 rerum
419 782 541 862 pentus
563 799 626 846 non
644 779 804 861 intelligit.
842 779 942 858 Atqui
962 781 987 844 si
1011 797 1107 843 unam
1130 778 1250 858 epistu-

157 892 219 959 lam
241 890 293 956 vel
307 891 387 956 duas
401 910 421 955 a
435 890 640 970 scriptoribus
658 889 808 955 historiae
828 889 994 969 Augustae
1015 887 1155 968 prolatas
1166 905 1250 953 com-

157 999 318 1066 menticias
348 1017 418 1065 esse
447 1001 531 1064 inter
562 1016 669 1063 omnes
694 1002 834 1076 constat,
867 998 962 1061 etium
986 996 1136 1076 aliarum,
1169 1014 1252 1076 quae

158 1107 257 1174 eidem
279 1109 365 1172 vitae
386 1108 525 1173 insertae
548 1110 624 1172 sunt
642 1104 737 1169 fidem
759 1106 1046 1184 auctoritatemque
1065 1104 1250 1170 labefactari

156 1218 252 1295 atque
273 1214 372 1279 everti
391 1214 552 1296 sequitur3
570 1231 672 1294 neque
695 1213 778 1277 enim
797 1231 880 1290 eum,
902 1213 954 1294 qui
975 1231 1010 1278 re
1031 1231 1107 1277 vera
1120 1217 1251 1278 senatus

157 1323 206 1389 vel
223 1321 288 1389 alia
314 1327 386 1388 acta
408 1322 571 1387 recondita
593 1327 627 1386 et
651 1321 800 1386 abstrusa
829 1321 1002 1402 indagavit,
1030 1321 1252 1402 indagatisque
1356 1322 1363 1332 '

157 1449 232 1497 usus
247 1432 305 1507 est,
327 1430 407 1496 31133
429 1430 505 1496 13113
527 1434 739 1495 commentum
761 1448 831 1495 esse
855 1429 1039 1494 verisimile
1060 1434 1117 1507 est,
1140 1446 1251 1508 neque,

156 1539 208 1620 qui
230 1539 329 1604 semel
349 1537 477 1605 finxisse
497 1557 533 1603 33
563 1537 644 1603 falsa
665 1539 783 1604 dixisse
804 1539 962 1602 convictus
980 1543 1040 1616 est,
1076 1538 1105 1600 ei
1126 1537 1196 1602 aliis
1219 1539 1252 1601 in

156 1647 231 1712 13313
253 1646 446 1712 confidenter
459 1646 545 1711 credi
565 1650 701 1726 oportet.
744 1647 830 1726 Ergo
848 1645 939 1726 parvi
961 1645 1079 1710 referre
1102 1645 1251 1710 33333113

157 1773 226 1822 esse
259 1759 359 1836 patet,
382 1760 511 1822 313313
537 1759 680 1821 actorum
712 1756 801 1835 copia
831 1773 929 1818 unum
953 1756 1004 1818 vel
1025 1754 1161 1819 alterum
1182 1754 1251 1818 lite-

156 1882 263 1930 rarum
280 1867 517 1930 monumentum
537 1862 676 1944 deligere
690 1867 723 1926 et
748 1862 937 1937 examinare,
961 1862 1154 1942 reliquorum
1166 1878 1252 1941 vero,

155 1974 245 2054 quasi
268 1992 332 2039 non
355 1973 395 2038 ab
417 1972 526 2038 eodem
545 1973 696 2052 scriptore
718 1970 844 2050 prodita
865 1975 979 2048 essent,
1003 1969 1122 2035 nullam
1135 1969 1252 2035 habere

155 2083 319 2147 rationem.
362 2081 399 2145 lo
420 2079 595 2160 quodcum
618 2080 649 2156 ii,
675 2081 729 2159 qui
763 2085 859 2144 antea
877 2078 937 2143 hac
957 2077 996 2141 de
1020 2095 1054 2141 re
1088 2078 1251 2156 quaesive-

156 2194 232 2255 runt
253 2193 430 2270 peccarent,
454 2189 493 2252 de
514 2189 547 2252 vl
568 2192 600 2252 et
621 2189 745 2251 ratione
773 2189 887 2252 horum
912 2192 1054 2251 actorum
1077 2205 1134 2250 nec
1166 2189 1252 2252 recte

156 2297 275 2363 sentire
296 2314 355 2361 nec
376 2316 449 2363 vere
469 2298 608 2362 iudicare
630 2299 817 2376 potuerunt,
841 2300 874 2360 31
895 2296 968 2375 quia
990 2295 1146 2373 universa,
1169 2313 1252 2377 quae

155 2404 240 2472 illius
264 2405 379 2472 aetatis
408 2409 506 2482 33331,
539 2404 661 2468 dicendi
696 2404 819 2467 ratione
845 2402 922 2467 talia
956 2411 1131 2470 commenta
1161 2404 1252 2483 quasi

156 2515 295 2580 excitata
326 2531 396 2580 esse
428 2515 625 2593 ignorarunt,
660 2511 769 2576 autin
797 2530 860 2576 uno
895 2529 1020 2592 quoque
1048 2519 1251 2576 monumento

155 2627 274 2689 3331333
306 2641 343 2689 33
380 2621 577 2705 conspicuam
612 2620 752 2703 fingendi
789 2639 917 2687 oausam
958 2621 1162 2700 requirebant
1194 2625 1252 2686 331

154 2733 263 2800 fictum
281 2735 360 2800 illud
381 2734 561 2800 habendum
583 2751 653 2799 esse
674 2733 844 2813 negabant.
887 2731 956 2809 Qua
978 2749 1016 2796 ex
1041 2748 1076 2793 re
1097 2731 1175 2795 satis
1197 2749 1251 2811 ap·

154 2846 255 2925 paret,
270 2843 353 2908 hanc
375 2843 591 2922 quaestionem
611 2843 672 2909 nisi
685 2844 724 2908 de
741 2841 861 2908 cunetis
882 2841 982 2908 literis
1005 2840 1146 2919 actisque
1168 2839 1250 2920 pari-

154 2955 205 3018 ter
225 2952 409 3030 institueris‚
432 2957 470 3017 ut
492 2951 556 3016 3113
576 2954 647 3018 31113
667 2952 877 3028 illustrentur,
909 2951 1039 3014 enodari
1058 2968 1097 3014 33
1115 2947 1253 3028 persolvi

154 3078 216 3126 non
237 3078 339 3144 posse.

256 3167 318 3234 Sed
338 3168 523 3249 priusquam
544 3167 583 3232 de
604 3166 736 3247 singulis
758 3167 858 3232 literis
879 3168 1074 3248 argumentis
1088 3168 1252 3247 disputare

153 3276 296 3355 instituo,
318 3277 402 3340 viam
425 3276 640 3342 serationem
671 3293 767 3355 quam
788 3277 988 3356 ingressurus
1011 3277 1078 3354 sim,
1111 3275 1261 3340 breviter

156 3385 308 3450 indicabo.
351 3385 398 3448 Ac
417 3384 554 3465 primum
579 3383 705 3464 quidem
727 3387 876 3462 quoniam
892 3385 931 3449 de
952 3384 1094 3448 historici
1115 3382 1252 3447 auctori·

154 3497 222 3558 1313
252 3510 290 3558 33
319 3491 381 3557 fide
404 3496 526 3567 certum
559 3496 591 3556 et
620 3496 742 3556 rectum
773 3492 921 3557 iudicium
940 3489 1008 3555 fieri
1036 3492 1162 3554 omnino
1189 3509 1253 3555 non

137 3604 278 3683 potest,
313 3600 373 3665 nisi
404 3601 471 3667 eius
503 3604 638 3665 naturae
673 3601 854 3681 ingeniique
885 3601 1057 3682 imaginem
1092 3599 1251 3679 quandam
1281 3598 1287 3610 '

154 3708 259 3774 animo
281 3707 497 3774 informaveris
520 3726 664 3789 quaeque
685 3707 741 3772 1113
762 3707 795 3772 13
816 3708 959 3772 historiis
981 3707 1151 3772 scribendis
1165 3724 1251 3788 spec-

157 3817 276 3882 taverit
290 3834 327 3881 ac
341 3816 477 3882 voluerit
491 3817 684 3898 cognoveris,
706 3816 765 3881 boc
779 3833 905 3897 quoque
916 3816 982 3880 loco
1001 3816 1080 3880 nihil
1092 3815 1253 3898 antiquius

155 3924 329 3989 habeamus
360 3942 487 3990 necesse
520 3931 583 4003 est,
620 3943 716 4005 quam
750 3930 786 3990 ut
815 3926 849 3990 in
883 3924 1069 4005 scriptorum
1102 3923 1252 3989 historiae

153 4032 320 4114 Augustae
339 4038 488 4098 naturam
509 4034 767 4117 voluntatemque
794 4034 991 4114 inquiramus
1014 4036 1047 4097 et
1069 4033 1160 4113 quasi
1181 4030 1251 4096 lon·

153 4145 219 4208 tem
240 4141 430 4224 aperiamus,
453 4159 493 4208 ex
519 4159 582 4223 quo
609 4142 734 4226 singula
768 4161 925 4226 quaeque.
945 4142 1140 4210 deriventur.
1184 4139 1246 4208 Sed
