<?xml version="1.0" encoding="UTF-8"?>
<!DOCTYPE html PUBLIC "-//W3C//DTD XHTML 1.0 Transitional//EN"
    "http://www.w3.org/TR/xhtml1/DTD/xhtml1-transitional.dtd">
<html xmlns="http://www.w3.org/1999/xhtml" xml:lang="en" lang="en">
 <head>
  <title>
</title>
<meta http-equiv="Content-Type" content="text/html;charset=utf-8" />
  <meta name='ocr-system' content='tesseract 3.04.00' />
  <meta name='ocr-capabilities' content='ocr_page ocr_carea ocr_par ocr_line ocrx_word'/>
</head>
<body>
  <div class='ocr_page' id='page_1' title='image "./deepistularumau00czwagoog_0015.png"; bbox 0 0 2820 4724; ppageno 0'>
   <div class='ocr_carea' id='block_1_1' title="bbox 684 278 722 336">
    <p class='ocr_par' dir='ltr' id='par_1_1' title="bbox 684 278 722 336">
     <span class='ocr_line' id='line_1_1' title="bbox 684 278 722 336; baseline 0 0"><span class='ocrx_word' id='word_1_1' title='bbox 684 278 722 336; x_wconf 86' lang='lat' dir='ltr'>lo</span> 
     </span>
    </p>
   </div>
   <div class='ocr_carea' id='block_1_2' title="bbox 85 455 1254 2381">
    <p class='ocr_par' dir='ltr' id='par_1_2' title="bbox 85 455 1254 2381">
     <span class='ocr_line' id='line_1_2' title="bbox 154 455 1253 537; baseline 0.006 -17"><span class='ocrx_word' id='word_1_2' title='bbox 154 455 294 521; x_wconf 79' lang='lat' dir='ltr'>nomenti</span> <span class='ocrx_word' id='word_1_3' title='bbox 314 473 415 537; x_wconf 86' lang='lat' dir='ltr'>genus</span> <span class='ocrx_word' id='word_1_4' title='bbox 437 456 640 522; x_wconf 82' lang='lat' dir='ltr'>sectabantur</span> <span class='ocrx_word' id='word_1_5' title='bbox 661 462 694 522; x_wconf 90' lang='lat' dir='ltr'>et</span> <span class='ocrx_word' id='word_1_6' title='bbox 714 459 879 524; x_wconf 90' lang='lat' dir='ltr'>universae</span> <span class='ocrx_word' id='word_1_7' title='bbox 900 461 1116 527; x_wconf 86' lang='lat' dir='ltr'>Romanorum</span> <span class='ocrx_word' id='word_1_8' title='bbox 1138 460 1253 527; x_wconf 77' lang='lat' dir='ltr'>literne</span> 
     </span>
     <span class='ocr_line' id='line_1_3' title="bbox 154 564 1254 651; baseline 0.005 -23"><span class='ocrx_word' id='word_1_9' title='bbox 154 564 195 628; x_wconf 93' lang='lat' dir='ltr'>ad</span> <span class='ocrx_word' id='word_1_10' title='bbox 214 565 309 629; x_wconf 90' lang='lat' dir='ltr'>istam</span> <span class='ocrx_word' id='word_1_11' title='bbox 323 565 446 631; x_wconf 91' lang='lat' dir='ltr'>dicendi</span> <span class='ocrx_word' id='word_1_12' title='bbox 466 565 620 632; x_wconf 88' lang='lat' dir='ltr'>rationem</span> <span class='ocrx_word' id='word_1_13' title='bbox 641 565 844 633; x_wconf 83' lang='lat' dir='ltr'>inclinabant.</span> <span class='ocrx_word' id='word_1_14' title='bbox 873 567 936 633; x_wconf 85' lang='lat' dir='ltr'>Sed</span> <span class='ocrx_word' id='word_1_15' title='bbox 951 570 1100 648; x_wconf 90' lang='lat' dir='ltr'>quoniam</span> <span class='ocrx_word' id='word_1_16' title='bbox 1126 587 1254 651; x_wconf 87' lang='lat' dir='ltr'>semper</span> 
     </span>
     <span class='ocr_line' id='line_1_4' title="bbox 154 674 1248 758; baseline 0.005 -22"><span class='ocrx_word' id='word_1_17' title='bbox 154 674 360 753; x_wconf 88' lang='lat' dir='ltr'>omnibusque</span> <span class='ocrx_word' id='word_1_18' title='bbox 373 674 457 753; x_wconf 85' lang='lat' dir='ltr'>locis,</span> <span class='ocrx_word' id='word_1_19' title='bbox 480 676 592 754; x_wconf 85' lang='lat' dir='ltr'>quibus</span> <span class='ocrx_word' id='word_1_20' title='bbox 604 677 774 756; x_wconf 80' lang='lat' dir='ltr'>scriptores</span> <span class='ocrx_word' id='word_1_21' title='bbox 795 694 946 758; x_wconf 84' lang='lat' dir='ltr'>personas</span> <span class='ocrx_word' id='word_1_22' title='bbox 966 678 1051 758; x_wconf 88' lang='lat' dir='ltr'>ipsas</span> <span class='ocrx_word' id='word_1_23' title='bbox 1072 677 1248 742; x_wconf 91' lang='lat' dir='ltr'>inducendo</span> 
     </span>
     <span class='ocr_line' id='line_1_5' title="bbox 154 783 1250 864; baseline 0.002 -16"><span class='ocrx_word' id='word_1_24' title='bbox 154 783 273 862; x_wconf 90' lang='lat' dir='ltr'>optime</span> <span class='ocrx_word' id='word_1_25' title='bbox 306 783 428 850; x_wconf 87' lang='lat' dir='ltr'>animos</span> <span class='ocrx_word' id='word_1_26' title='bbox 458 783 542 848; x_wconf 88' lang='lat' dir='ltr'>allici</span> <span class='ocrx_word' id='word_1_27' title='bbox 567 801 603 847; x_wconf 90' lang='lat' dir='ltr'>ac</span> <span class='ocrx_word' id='word_1_28' title='bbox 624 783 742 847; x_wconf 86' lang='lat' dir='ltr'>moveri</span> <span class='ocrx_word' id='word_1_29' title='bbox 774 801 867 864; x_wconf 92' lang='lat' dir='ltr'>posse</span> <span class='ocrx_word' id='word_1_30' title='bbox 894 785 1132 864; x_wconf 86' lang='lat' dir='ltr'>existimabant,</span> <span class='ocrx_word' id='word_1_31' title='bbox 1162 786 1250 850; x_wconf 90' lang='lat' dir='ltr'>illam</span> 
     </span>
     <span class='ocr_line' id='line_1_6' title="bbox 153 891 1250 974; baseline 0.005 -20"><span class='ocrx_word' id='word_1_32' title='bbox 153 892 308 956; x_wconf 90' lang='lat' dir='ltr'>rationem</span> <span class='ocrx_word' id='word_1_33' title='bbox 332 892 414 955; x_wconf 91' lang='lat' dir='ltr'>inire</span> <span class='ocrx_word' id='word_1_34' title='bbox 433 891 472 957; x_wconf 89' lang='lat' dir='ltr'>iis</span> <span class='ocrx_word' id='word_1_35' title='bbox 486 910 687 973; x_wconf 90' lang='lat' dir='ltr'>nequaquam</span> <span class='ocrx_word' id='word_1_36' title='bbox 707 893 806 971; x_wconf 90' lang='lat' dir='ltr'>licuit,</span> <span class='ocrx_word' id='word_1_37' title='bbox 821 928 859 940; x_wconf 88' lang='lat'>—</span> <span class='ocrx_word' id='word_1_38' title='bbox 873 912 976 974; x_wconf 88' lang='lat' dir='ltr'>neque</span> <span class='ocrx_word' id='word_1_39' title='bbox 999 895 1080 957; x_wconf 93' lang='lat' dir='ltr'>enim</span> <span class='ocrx_word' id='word_1_40' title='bbox 1108 895 1250 960; x_wconf 90' lang='lat' dir='ltr'>homines</span> 
     </span>
     <span class='ocr_line' id='line_1_7' title="bbox 152 997 1250 1084; baseline 0.005 -23"><span class='ocrx_word' id='word_1_41' title='bbox 152 997 246 1082; x_wconf 82' lang='lat' dir='ltr'>longo</span> <span class='ocrx_word' id='word_1_42' title='bbox 267 1000 352 1065; x_wconf 89' lang='lat' dir='ltr'>vallo</span> <span class='ocrx_word' id='word_1_43' title='bbox 372 999 528 1066; x_wconf 89' lang='lat' dir='ltr'>distantes</span> <span class='ocrx_word' id='word_1_44' title='bbox 543 1003 627 1066; x_wconf 87' lang='lat' dir='ltr'>inter</span> <span class='ocrx_word' id='word_1_45' title='bbox 649 1019 683 1066; x_wconf 86' lang='lat' dir='ltr'>se</span> <span class='ocrx_word' id='word_1_46' title='bbox 703 1002 916 1082; x_wconf 87' lang='lat' dir='ltr'>colloquentes</span> <span class='ocrx_word' id='word_1_47' title='bbox 937 1001 1041 1067; x_wconf 88' lang='lat' dir='ltr'>facere</span> <span class='ocrx_word' id='word_1_48' title='bbox 1054 1002 1168 1084; x_wconf 88' lang='lat' dir='ltr'>potuit,</span> <span class='ocrx_word' id='word_1_49' title='bbox 1191 1002 1250 1068; x_wconf 89' lang='lat' dir='ltr'>nisi</span> 
     </span>
     <span class='ocr_line' id='line_1_8' title="bbox 152 1107 1249 1190; baseline 0.003 -19"><span class='ocrx_word' id='word_1_50' title='bbox 152 1109 206 1189; x_wconf 89' lang='lat' dir='ltr'>qui</span> <span class='ocrx_word' id='word_1_51' title='bbox 216 1107 486 1189; x_wconf 86' lang='lat' dir='ltr'>impudentissime</span> <span class='ocrx_word' id='word_1_52' title='bbox 498 1110 622 1174; x_wconf 90' lang='lat' dir='ltr'>mentiri</span> <span class='ocrx_word' id='word_1_53' title='bbox 639 1111 771 1175; x_wconf 87' lang='lat' dir='ltr'>auderet</span> <span class='ocrx_word' id='word_1_54' title='bbox 779 1112 852 1190; x_wconf 80' lang='grc'>1),--</span> <span class='ocrx_word' id='word_1_55' title='bbox 864 1110 904 1175; x_wconf 93' lang='lat' dir='ltr'>ad</span> <span class='ocrx_word' id='word_1_56' title='bbox 919 1111 952 1175; x_wconf 93' lang='lat' dir='ltr'>id</span> <span class='ocrx_word' id='word_1_57' title='bbox 973 1110 1128 1190; x_wconf 87' lang='lat' dir='ltr'>paulatim</span> <span class='ocrx_word' id='word_1_58' title='bbox 1144 1109 1249 1176; x_wconf 87' lang='lat' dir='ltr'>conlu-</span> 
     </span>
     <span class='ocr_line' id='line_1_9' title="bbox 153 1217 1246 1309; baseline 0.002 -27"><span class='ocrx_word' id='word_1_59' title='bbox 153 1221 277 1296; x_wconf 84' lang='lat' dir='ltr'>geruut,</span> <span class='ocrx_word' id='word_1_60' title='bbox 299 1221 336 1281; x_wconf 92' lang='lat' dir='ltr'>ut</span> <span class='ocrx_word' id='word_1_61' title='bbox 354 1217 505 1283; x_wconf 92' lang='lat' dir='ltr'>intereos</span> <span class='ocrx_word' id='word_1_62' title='bbox 525 1218 744 1282; x_wconf 89' lang='lat' dir='ltr'>literarum</span> <span class='ocrx_word' id='word_1_63' title='bbox 768 1220 989 1309; x_wconf 80' lang='lat' dir='ltr'>commercium</span> <span class='ocrx_word' id='word_1_64' title='bbox 1004 1217 1162 1300; x_wconf 82' lang='lat' dir='ltr'>fingerent</span> <span class='ocrx_word' id='word_1_65' title='bbox 1176 1220 1246 1284; x_wconf 87' lang='lat' dir='ltr'>lite·</span> 
     </span>
     <span class='ocr_line' id='line_1_10' title="bbox 153 1323 1249 1408; baseline 0.003 -20"><span class='ocrx_word' id='word_1_66' title='bbox 153 1325 259 1404; x_wconf 85' lang='lat' dir='ltr'>risque</span> <span class='ocrx_word' id='word_1_67' title='bbox 280 1323 498 1406; x_wconf 75' lang='lat' dir='ltr'>supposititiis,</span> <span class='ocrx_word' id='word_1_68' title='bbox 518 1342 600 1405; x_wconf 89' lang='lat' dir='ltr'>quae</span> <span class='ocrx_word' id='word_1_69' title='bbox 620 1324 665 1388; x_wconf 92' lang='lat' dir='ltr'>illi</span> <span class='ocrx_word' id='word_1_70' title='bbox 686 1325 807 1391; x_wconf 80' lang='lat' dir='ltr'>uellent</span> <span class='ocrx_word' id='word_1_71' title='bbox 827 1325 1049 1405; x_wconf 84' lang='lat' dir='ltr'>assentirent,</span> <span class='ocrx_word' id='word_1_72' title='bbox 1072 1325 1249 1408; x_wconf 84' lang='lat' dir='ltr'>exprimere</span> 
     </span>
     <span class='ocr_line' id='line_1_11' title="bbox 153 1431 1249 1516; baseline 0 -17"><span class='ocrx_word' id='word_1_73' title='bbox 153 1440 186 1514; x_wconf 87' lang='lat' dir='ltr'>et</span> <span class='ocrx_word' id='word_1_74' title='bbox 206 1433 366 1498; x_wconf 88' lang='lat' dir='ltr'>illustrare</span> <span class='ocrx_word' id='word_1_75' title='bbox 387 1433 562 1498; x_wconf 88' lang='lat' dir='ltr'>studerent.</span> <span class='ocrx_word' id='word_1_76' title='bbox 606 1431 695 1509; x_wconf 83' lang='lat' dir='ltr'>Quae</span> <span class='ocrx_word' id='word_1_77' title='bbox 719 1451 790 1498; x_wconf 91' lang='lat' dir='ltr'>cum</span> <span class='ocrx_word' id='word_1_78' title='bbox 813 1434 859 1498; x_wconf 85' lang='lat' dir='ltr'>ita</span> <span class='ocrx_word' id='word_1_79' title='bbox 882 1437 990 1499; x_wconf 90' lang='lat' dir='ltr'>essent</span> <span class='ocrx_word' id='word_1_80' title='bbox 1018 1434 1092 1498; x_wconf 88' lang='lat' dir='ltr'>illas</span> <span class='ocrx_word' id='word_1_81' title='bbox 1122 1451 1249 1516; x_wconf 91' lang='lat' dir='ltr'>quoque</span> 
     </span>
     <span class='ocr_line' id='line_1_12' title="bbox 154 1541 1250 1625; baseline 0.002 -19"><span class='ocrx_word' id='word_1_82' title='bbox 154 1541 305 1623; x_wconf 90' lang='lat' dir='ltr'>epistulas</span> <span class='ocrx_word' id='word_1_83' title='bbox 326 1542 376 1606; x_wconf 86' lang='lat' dir='ltr'>vel</span> <span class='ocrx_word' id='word_1_84' title='bbox 402 1541 564 1624; x_wconf 85' lang='lat' dir='ltr'>¹orationes</span> <span class='ocrx_word' id='word_1_85' title='bbox 594 1560 674 1622; x_wconf 89' lang='lat' dir='ltr'>quas</span> <span class='ocrx_word' id='word_1_86' title='bbox 707 1543 878 1623; x_wconf 86' lang='lat' dir='ltr'>scriptores</span> <span class='ocrx_word' id='word_1_87' title='bbox 906 1542 1057 1610; x_wconf 88' lang='lat' dir='ltr'>historiae</span> <span class='ocrx_word' id='word_1_88' title='bbox 1086 1543 1250 1625; x_wconf 80' lang='lat' dir='ltr'>Augustae</span> 
     </span>
     <span class='ocr_line' id='line_1_13' title="bbox 151 1649 1245 1734; baseline 0 -19"><span class='ocrx_word' id='word_1_89' title='bbox 151 1653 354 1732; x_wconf 87' lang='lat' dir='ltr'>protulerunt</span> <span class='ocrx_word' id='word_1_90' title='bbox 372 1649 461 1715; x_wconf 91' lang='lat' dir='ltr'>nobis</span> <span class='ocrx_word' id='word_1_91' title='bbox 481 1655 644 1731; x_wconf 85' lang='lat' dir='ltr'>suspectas</span> <span class='ocrx_word' id='word_1_92' title='bbox 667 1669 737 1717; x_wconf 88' lang='lat' dir='ltr'>esse</span> <span class='ocrx_word' id='word_1_93' title='bbox 760 1649 923 1717; x_wconf 90' lang='lat' dir='ltr'>habendas</span> <span class='ocrx_word' id='word_1_94' title='bbox 950 1669 1042 1716; x_wconf 92' lang='lat' dir='ltr'>nemo</span> <span class='ocrx_word' id='word_1_95' title='bbox 1071 1653 1245 1734; x_wconf 86' lang='lat' dir='ltr'>negaverit.</span> 
     </span>
     <span class='ocr_line' id='line_1_14' title="bbox 152 1757 1251 1840; baseline 0.003 -16"><span class='ocrx_word' id='word_1_96' title='bbox 152 1759 264 1840; x_wconf 83' lang='lat' dir='ltr'>Neque</span> <span class='ocrx_word' id='word_1_97' title='bbox 285 1759 368 1822; x_wconf 90' lang='lat' dir='ltr'>enim</span> <span class='ocrx_word' id='word_1_98' title='bbox 389 1757 456 1823; x_wconf 91' lang='lat' dir='ltr'>fieri</span> <span class='ocrx_word' id='word_1_99' title='bbox 485 1760 589 1839; x_wconf 88' lang='lat' dir='ltr'>potuit</span> <span class='ocrx_word' id='word_1_100' title='bbox 612 1761 687 1840; x_wconf 92' lang='lat' dir='ltr'>quin</span> <span class='ocrx_word' id='word_1_101' title='bbox 710 1780 782 1826; x_wconf 91' lang='lat' dir='ltr'>cum</span> <span class='ocrx_word' id='word_1_102' title='bbox 814 1779 922 1827; x_wconf 90' lang='lat' dir='ltr'>omnes</span> <span class='ocrx_word' id='word_1_103' title='bbox 944 1759 1011 1826; x_wconf 88' lang='lat' dir='ltr'>fere</span> <span class='ocrx_word' id='word_1_104' title='bbox 1031 1760 1207 1837; x_wconf 82' lang='lat' dir='ltr'>historicos,</span> <span class='ocrx_word' id='word_1_105' title='bbox 1233 1781 1251 1827; x_wconf 91' lang='lat' dir='ltr'>e</span> 
     </span>
     <span class='ocr_line' id='line_1_15' title="bbox 85 1867 1249 1950; baseline 0.003 -19"><span class='ocrx_word' id='word_1_106' title='bbox 85 1901 87 1906; x_wconf 95' lang='lat'>·</span> <span class='ocrx_word' id='word_1_107' title='bbox 153 1867 267 1949; x_wconf 87' lang='lat' dir='ltr'>quibus</span> <span class='ocrx_word' id='word_1_108' title='bbox 288 1869 389 1933; x_wconf 88' lang='lat' dir='ltr'>nostri</span> <span class='ocrx_word' id='word_1_109' title='bbox 403 1868 585 1948; x_wconf 87' lang='lat' dir='ltr'>penderent,</span> <span class='ocrx_word' id='word_1_110' title='bbox 602 1870 754 1935; x_wconf 90' lang='lat' dir='ltr'>eiusmodi</span> <span class='ocrx_word' id='word_1_111' title='bbox 771 1871 957 1935; x_wconf 88' lang='lat' dir='ltr'>commentis</span> <span class='ocrx_word' id='word_1_112' title='bbox 981 1869 1076 1933; x_wconf 90' lang='lat' dir='ltr'>libros</span> <span class='ocrx_word' id='word_1_113' title='bbox 1090 1870 1249 1950; x_wconf 86' lang='lat' dir='ltr'>implevis-</span> 
     </span>
     <span class='ocr_line' id='line_1_16' title="bbox 152 1975 1248 2057; baseline 0 -16"><span class='ocrx_word' id='word_1_114' title='bbox 152 1980 233 2055; x_wconf 89' lang='lat' dir='ltr'>sent,</span> <span class='ocrx_word' id='word_1_115' title='bbox 245 1976 357 2040; x_wconf 89' lang='lat' dir='ltr'>horum</span> <span class='ocrx_word' id='word_1_116' title='bbox 368 1993 494 2057; x_wconf 85' lang='lat' dir='ltr'>quoque</span> <span class='ocrx_word' id='word_1_117' title='bbox 505 1977 590 2042; x_wconf 88' lang='lat' dir='ltr'>vitae</span> <span class='ocrx_word' id='word_1_118' title='bbox 601 1976 720 2042; x_wconf 87' lang='lat' dir='ltr'>talibus</span> <span class='ocrx_word' id='word_1_119' title='bbox 732 1975 942 2042; x_wconf 88' lang='lat' dir='ltr'>inficerentur.</span> <span class='ocrx_word' id='word_1_120' title='bbox 964 1977 1007 2040; x_wconf 83' lang='lat' dir='ltr'>Et</span> <span class='ocrx_word' id='word_1_121' title='bbox 1018 1978 1163 2057; x_wconf 83' lang='lat' dir='ltr'>quamvis</span> <span class='ocrx_word' id='word_1_122' title='bbox 1175 1976 1248 2041; x_wconf 90' lang='lat' dir='ltr'>nnl-</span> 
     </span>
     <span class='ocr_line' id='line_1_17' title="bbox 152 2081 1250 2166; baseline 0.001 -18"><span class='ocrx_word' id='word_1_123' title='bbox 152 2085 205 2149; x_wconf 91' lang='lat' dir='ltr'>lus</span> <span class='ocrx_word' id='word_1_124' title='bbox 226 2081 292 2149; x_wconf 88' lang='lat' dir='ltr'>fere</span> <span class='ocrx_word' id='word_1_125' title='bbox 312 2101 452 2165; x_wconf 87' lang='lat' dir='ltr'>unquam</span> <span class='ocrx_word' id='word_1_126' title='bbox 475 2084 522 2147; x_wconf 91' lang='lat' dir='ltr'>vir</span> <span class='ocrx_word' id='word_1_127' title='bbox 543 2085 655 2148; x_wconf 89' lang='lat' dir='ltr'>doctus</span> <span class='ocrx_word' id='word_1_128' title='bbox 670 2085 708 2148; x_wconf 92' lang='lat' dir='ltr'>de</span> <span class='ocrx_word' id='word_1_129' title='bbox 730 2084 927 2166; x_wconf 84' lang='lat' dir='ltr'>singularum</span> <span class='ocrx_word' id='word_1_130' title='bbox 949 2086 1113 2150; x_wconf 86' lang='lat' dir='ltr'>literarum</span> <span class='ocrx_word' id='word_1_131' title='bbox 1133 2081 1196 2149; x_wconf 90' lang='lat' dir='ltr'>fide</span> <span class='ocrx_word' id='word_1_132' title='bbox 1215 2100 1250 2148; x_wconf 85' lang='lat' dir='ltr'>se</span> 
     </span>
     <span class='ocr_line' id='line_1_18' title="bbox 152 2189 1247 2272; baseline -0.001 -17"><span class='ocrx_word' id='word_1_133' title='bbox 152 2191 297 2256; x_wconf 87' lang='lat' dir='ltr'>dubitare</span> <span class='ocrx_word' id='word_1_134' title='bbox 318 2189 528 2271; x_wconf 89' lang='lat' dir='ltr'>profiteretur,</span> <span class='ocrx_word' id='word_1_135' title='bbox 549 2193 622 2272; x_wconf 92' lang='lat' dir='ltr'>quin</span> <span class='ocrx_word' id='word_1_136' title='bbox 648 2191 688 2256; x_wconf 92' lang='lat' dir='ltr'>ab</span> <span class='ocrx_word' id='word_1_137' title='bbox 710 2192 780 2256; x_wconf 91' lang='lat' dir='ltr'>aliis</span> <span class='ocrx_word' id='word_1_138' title='bbox 810 2192 1031 2272; x_wconf 86' lang='lat' dir='ltr'>repudiaretur</span> <span class='ocrx_word' id='word_1_139' title='bbox 1052 2190 1105 2256; x_wconf 82' lang='lat' dir='ltr'>vel</span> <span class='ocrx_word' id='word_1_140' title='bbox 1127 2190 1247 2254; x_wconf 86' lang='lat' dir='ltr'>reluta·</span> 
     </span>
     <span class='ocr_line' id='line_1_19' title="bbox 152 2297 1247 2381; baseline -0.002 -19"><span class='ocrx_word' id='word_1_141' title='bbox 152 2303 250 2376; x_wconf 87' lang='lat' dir='ltr'>retur,</span> <span class='ocrx_word' id='word_1_142' title='bbox 272 2301 438 2381; x_wconf 89' lang='lat' dir='ltr'>plerosque</span> <span class='ocrx_word' id='word_1_143' title='bbox 468 2300 575 2363; x_wconf 88' lang='lat' dir='ltr'>tamen</span> <span class='ocrx_word' id='word_1_144' title='bbox 603 2300 667 2364; x_wconf 86' lang='lat' dir='ltr'>iam</span> <span class='ocrx_word' id='word_1_145' title='bbox 694 2300 814 2365; x_wconf 91' lang='lat' dir='ltr'>dudum</span> <span class='ocrx_word' id='word_1_146' title='bbox 835 2300 1031 2366; x_wconf 85' lang='lat' dir='ltr'>intellexisse</span> <span class='ocrx_word' id='word_1_147' title='bbox 1062 2297 1247 2379; x_wconf 64' lang='lat' dir='ltr'>arbitrare),</span> 
     </span>
    </p>
   </div>
   <div class='ocr_carea' id='block_1_3' title="bbox 151 2407 1248 2595">
    <p class='ocr_par' dir='ltr' id='par_1_3' title="bbox 151 2407 1248 2595">
     <span class='ocr_line' id='line_1_20' title="bbox 151 2407 1243 2491; baseline -0.001 -20"><span class='ocrx_word' id='word_1_148' title='bbox 151 2426 213 2473; x_wconf 93' lang='lat' dir='ltr'>non</span> <span class='ocrx_word' id='word_1_149' title='bbox 233 2424 364 2487; x_wconf 88' lang='lat' dir='ltr'>prorsus</span> <span class='ocrx_word' id='word_1_150' title='bbox 385 2407 489 2471; x_wconf 90' lang='lat' dir='ltr'>omnia</span> <span class='ocrx_word' id='word_1_151' title='bbox 510 2407 565 2472; x_wconf 92' lang='lat' dir='ltr'>illa</span> <span class='ocrx_word' id='word_1_152' title='bbox 586 2413 658 2472; x_wconf 92' lang='lat' dir='ltr'>acta</span> <span class='ocrx_word' id='word_1_153' title='bbox 680 2411 911 2489; x_wconf 86' lang='lat' dir='ltr'>essegenuina;</span> <span class='ocrx_word' id='word_1_154' title='bbox 935 2409 1019 2491; x_wconf 90' lang='lat' dir='ltr'>quod</span> <span class='ocrx_word' id='word_1_155' title='bbox 1040 2425 1137 2490; x_wconf 83' lang='lat' dir='ltr'>quam</span> <span class='ocrx_word' id='word_1_156' title='bbox 1157 2410 1243 2472; x_wconf 87' lang='lat' dir='ltr'>reeta</span> 
     </span>
     <span class='ocr_line' id='line_1_21' title="bbox 152 2512 1248 2595; baseline -0.003 -14"><span class='ocrx_word' id='word_1_157' title='bbox 152 2515 361 2581; x_wconf 88' lang='lat' dir='ltr'>iudicaverint</span> <span class='ocrx_word' id='word_1_158' title='bbox 380 2512 547 2581; x_wconf 80' lang='lat' dir='ltr'>manifesto</span> <span class='ocrx_word' id='word_1_159' title='bbox 570 2516 733 2595; x_wconf 87' lang='lat' dir='ltr'>evincitur,</span> <span class='ocrx_word' id='word_1_160' title='bbox 757 2521 794 2581; x_wconf 92' lang='lat' dir='ltr'>ut</span> <span class='ocrx_word' id='word_1_161' title='bbox 814 2516 874 2582; x_wconf 92' lang='lat' dir='ltr'>hoc</span> <span class='ocrx_word' id='word_1_162' title='bbox 894 2534 994 2580; x_wconf 92' lang='lat' dir='ltr'>unum</span> <span class='ocrx_word' id='word_1_163' title='bbox 1014 2514 1161 2592; x_wconf 83' lang='lat' dir='ltr'>alierum,</span> <span class='ocrx_word' id='word_1_164' title='bbox 1184 2513 1248 2595; x_wconf 90' lang='lat' dir='ltr'>epi·</span> 
     </span>
    </p>
   </div>
   <div class='ocr_carea' id='block_1_4' title="bbox 152 2805 1245 2980">
    <p class='ocr_par' dir='ltr' id='par_1_4' title="bbox 152 2805 1245 2980">
     <span class='ocr_line' id='line_1_22' title="bbox 254 2805 1244 2882; baseline -0.004 -18"><span class='ocrx_word' id='word_1_165' title='bbox 254 2812 280 2881; x_wconf 88' lang='lat'>1)</span> <span class='ocrx_word' id='word_1_166' title='bbox 298 2811 351 2866; x_wconf 86' lang='lat' dir='ltr'>Sed</span> <span class='ocrx_word' id='word_1_167' title='bbox 364 2830 399 2867; x_wconf 90' lang='lat' dir='ltr'>ne</span> <span class='ocrx_word' id='word_1_168' title='bbox 411 2812 463 2867; x_wconf 89' lang='lat' dir='ltr'>hac</span> <span class='ocrx_word' id='word_1_169' title='bbox 480 2812 592 2882; x_wconf 89' lang='lat' dir='ltr'>quidem</span> <span class='ocrx_word' id='word_1_170' title='bbox 610 2811 639 2865; x_wconf 90' lang='lat' dir='ltr'>in</span> <span class='ocrx_word' id='word_1_171' title='bbox 651 2827 682 2865; x_wconf 89' lang='lat' dir='ltr'>re</span> <span class='ocrx_word' id='word_1_172' title='bbox 701 2811 830 2865; x_wconf 88' lang='lat' dir='ltr'>nonnulli</span> <span class='ocrx_word' id='word_1_173' title='bbox 848 2808 1000 2880; x_wconf 82' lang='lat' dir='ltr'>scriptores</span> <span class='ocrx_word' id='word_1_174' title='bbox 1017 2825 1133 2878; x_wconf 81' lang='lat' dir='ltr'>prorsus</span> <span class='ocrx_word' id='word_1_175' title='bbox 1154 2805 1244 2877; x_wconf 89' lang='lat' dir='ltr'>inepti</span> 
     </span>
     <span class='ocr_line' id='line_1_23' title="bbox 152 2902 1245 2980; baseline -0.005 -18"><span class='ocrx_word' id='word_1_176' title='bbox 152 2909 236 2962; x_wconf 85' lang='lat' dir='ltr'>fidem</span> <span class='ocrx_word' id='word_1_177' title='bbox 254 2913 409 2978; x_wconf 85' lang='lat' dir='ltr'>servarunt,</span> <span class='ocrx_word' id='word_1_178' title='bbox 426 2909 455 2962; x_wconf 89' lang='lat' dir='ltr'>in</span> <span class='ocrx_word' id='word_1_179' title='bbox 474 2926 592 2980; x_wconf 90' lang='lat' dir='ltr'>quornm</span> <span class='ocrx_word' id='word_1_180' title='bbox 610 2925 725 2961; x_wconf 89' lang='lat' dir='ltr'>numero</span> <span class='ocrx_word' id='word_1_181' title='bbox 744 2924 897 2976; x_wconf 87' lang='lat' dir='ltr'>anonymus</span> <span class='ocrx_word' id='word_1_182' title='bbox 917 2905 966 2975; x_wconf 89' lang='lat' dir='ltr'>qui</span> <span class='ocrx_word' id='word_1_183' title='bbox 984 2908 1102 2960; x_wconf 83' lang='lat' dir='ltr'>vocatur</span> <span class='ocrx_word' id='word_1_184' title='bbox 1128 2902 1245 2958; x_wconf 77' lang='lat' dir='ltr'>Cassii</span> 
     </span>
    </p>
   </div>
   <div class='ocr_carea' id='block_1_5' title="bbox 106 2999 1245 3070">
    <p class='ocr_par' dir='ltr' id='par_1_5' title="bbox 106 2999 1245 3070">
     <span class='ocr_line' id='line_1_24' title="bbox 106 2999 1245 3070; baseline -0.004 -12"><span class='ocrx_word' id='word_1_185' title='bbox 106 3009 112 3015; x_wconf 81' lang='grc'><strong>’</strong></span> <span class='ocrx_word' id='word_1_186' title='bbox 154 3004 282 3058; x_wconf 89' lang='lat' dir='ltr'>Dionis</span> <span class='ocrx_word' id='word_1_187' title='bbox 303 3007 541 3059; x_wconf 87' lang='lat' dir='ltr'>continuator</span> <span class='ocrx_word' id='word_1_188' title='bbox 564 3003 728 3059; x_wconf 82' lang='lat' dir='ltr'>referendus</span> <span class='ocrx_word' id='word_1_189' title='bbox 748 3006 800 3057; x_wconf 89' lang='lat' dir='ltr'>est.</span> <span class='ocrx_word' id='word_1_190' title='bbox 820 3002 902 3057; x_wconf 82' lang='lat' dir='ltr'>Cuius</span> <span class='ocrx_word' id='word_1_191' title='bbox 921 3001 1143 3056; x_wconf 85' lang='lat' dir='ltr'>narratiunculas</span> <span class='ocrx_word' id='word_1_192' title='bbox 1160 2999 1245 3070; x_wconf 79' lang='lat' dir='ltr'>longe</span> 
     </span>
    </p>
   </div>
   <div class='ocr_carea' id='block_1_6' title="bbox 153 3095 1328 4129">
    <p class='ocr_par' dir='ltr' id='par_1_6' title="bbox 153 3095 1328 4019">
     <span class='ocr_line' id='line_1_25' title="bbox 154 3095 1249 3171; baseline -0.004 -18"><span class='ocrx_word' id='word_1_193' title='bbox 154 3118 170 3153; x_wconf 87' lang='lat' dir='ltr'>a</span> <span class='ocrx_word' id='word_1_194' title='bbox 193 3099 248 3154; x_wconf 89' lang='lat' dir='ltr'>fide</span> <span class='ocrx_word' id='word_1_195' title='bbox 275 3101 427 3155; x_wconf 89' lang='lat' dir='ltr'>abhorrere</span> <span class='ocrx_word' id='word_1_196' title='bbox 456 3119 488 3155; x_wconf 88' lang='lat' dir='ltr'>ac</span> <span class='ocrx_word' id='word_1_197' title='bbox 513 3101 596 3171; x_wconf 89' lang='lat' dir='ltr'>plane</span> <span class='ocrx_word' id='word_1_198' title='bbox 626 3099 765 3155; x_wconf 84' lang='lat' dir='ltr'>fabulosas</span> <span class='ocrx_word' id='word_1_199' title='bbox 791 3117 852 3154; x_wconf 88' lang='lat' dir='ltr'>esse</span> <span class='ocrx_word' id='word_1_200' title='bbox 879 3100 919 3152; x_wconf 88' lang='lat' dir='ltr'>ita</span> <span class='ocrx_word' id='word_1_201' title='bbox 946 3099 976 3152; x_wconf 89' lang='lat' dir='ltr'>in</span> <span class='ocrx_word' id='word_1_202' title='bbox 1003 3099 1136 3167; x_wconf 86' lang='lat' dir='ltr'>promptu</span> <span class='ocrx_word' id='word_1_203' title='bbox 1161 3095 1249 3149; x_wconf 91' lang='lat' dir='ltr'>mani·</span> 
     </span>
     <span class='ocr_line' id='line_1_26' title="bbox 153 3195 1247 3266; baseline -0.004 -16"><span class='ocrx_word' id='word_1_204' title='bbox 153 3197 310 3266; x_wconf 86' lang='lat' dir='ltr'>festumque</span> <span class='ocrx_word' id='word_1_205' title='bbox 328 3202 380 3260; x_wconf 85' lang='lat' dir='ltr'>est,</span> <span class='ocrx_word' id='word_1_206' title='bbox 409 3202 440 3251; x_wconf 88' lang='lat' dir='ltr'>ut</span> <span class='ocrx_word' id='word_1_207' title='bbox 458 3202 535 3252; x_wconf 86' lang='lat' dir='ltr'>reete</span> <span class='ocrx_word' id='word_1_208' title='bbox 557 3197 677 3262; x_wconf 87' lang='lat' dir='ltr'>mireris,</span> <span class='ocrx_word' id='word_1_209' title='bbox 708 3197 906 3252; x_wconf 85' lang='lat' dir='ltr'>econieotura</span> <span class='ocrx_word' id='word_1_210' title='bbox 929 3195 1028 3249; x_wconf 90' lang='lat' dir='ltr'>tollere</span> <span class='ocrx_word' id='word_1_211' title='bbox 1046 3195 1169 3248; x_wconf 78' lang='lat' dir='ltr'>conatos</span> <span class='ocrx_word' id='word_1_212' title='bbox 1186 3208 1247 3246; x_wconf 88' lang='lat' dir='ltr'>esse</span> 
     </span>
     <span class='ocr_line' id='line_1_27' title="bbox 154 3285 1247 3361; baseline -0.008 -15"><span class='ocrx_word' id='word_1_213' title='bbox 154 3292 230 3346; x_wconf 81' lang='lat' dir='ltr'>uiros</span> <span class='ocrx_word' id='word_1_214' title='bbox 250 3292 356 3356; x_wconf 84' lang='lat' dir='ltr'>doctos,</span> <span class='ocrx_word' id='word_1_215' title='bbox 376 3309 446 3361; x_wconf 91' lang='lat' dir='ltr'>quae</span> <span class='ocrx_word' id='word_1_216' title='bbox 464 3292 545 3346; x_wconf 88' lang='lat' dir='ltr'>nimis</span> <span class='ocrx_word' id='word_1_217' title='bbox 563 3297 663 3346; x_wconf 85' lang='lat' dir='ltr'>eontra</span> <span class='ocrx_word' id='word_1_218' title='bbox 681 3293 831 3347; x_wconf 87' lang='lat' dir='ltr'>veritatem</span> <span class='ocrx_word' id='word_1_219' title='bbox 854 3307 1014 3360; x_wconf 84' lang='lat' dir='ltr'>repugnare</span> <span class='ocrx_word' id='word_1_220' title='bbox 1031 3289 1172 3358; x_wconf 87' lang='lat' dir='ltr'>putarent.</span> <span class='ocrx_word' id='word_1_221' title='bbox 1208 3285 1247 3338; x_wconf 75' lang='lat' dir='ltr'>ut</span> 
     </span>
     <span class='ocr_line' id='line_1_28' title="bbox 154 3381 1328 3457; baseline -0.007 -14"><span class='ocrx_word' id='word_1_222' title='bbox 154 3394 247 3443; x_wconf 88' lang='lat' dir='ltr'>tamen</span> <span class='ocrx_word' id='word_1_223' title='bbox 265 3389 309 3444; x_wconf 84' lang='lat' dir='ltr'>vel</span> <span class='ocrx_word' id='word_1_224' title='bbox 327 3404 368 3454; x_wconf 91' lang='lat' dir='ltr'>eo,</span> <span class='ocrx_word' id='word_1_225' title='bbox 389 3388 463 3457; x_wconf 88' lang='lat' dir='ltr'>quod</span> <span class='ocrx_word' id='word_1_226' title='bbox 482 3388 511 3441; x_wconf 90' lang='lat' dir='ltr'>in</span> <span class='ocrx_word' id='word_1_227' title='bbox 529 3389 669 3456; x_wconf 79' lang='lat' dir='ltr'>excerptis</span> <span class='ocrx_word' id='word_1_228' title='bbox 688 3387 922 3442; x_wconf 72' lang='lat' dir='ltr'>Constantinianis</span> <span class='ocrx_word' id='word_1_229' title='bbox 940 3389 1100 3454; x_wconf 86' lang='lat' dir='ltr'>temporum</span> <span class='ocrx_word' id='word_1_230' title='bbox 1118 3381 1245 3435; x_wconf 84' lang='lat' dir='ltr'>ordinem</span> <span class='ocrx_word' id='word_1_231' title='bbox 1325 3427 1328 3435; x_wconf 91' lang='lat'>.</span> 
     </span>
     <span class='ocr_line' id='line_1_29' title="bbox 154 3474 1248 3552; baseline -0.007 -16"><span class='ocrx_word' id='word_1_232' title='bbox 154 3489 293 3538; x_wconf 85' lang='lat' dir='ltr'>servatum</span> <span class='ocrx_word' id='word_1_233' title='bbox 305 3483 818 3552; x_wconf 82' lang='lat' dir='ltr'>esseconstet,Waddingtonium</span> <span class='ocrx_word' id='word_1_234' title='bbox 836 3485 865 3536; x_wconf 90' lang='lat' dir='ltr'>et</span> <span class='ocrx_word' id='word_1_235' title='bbox 879 3479 1134 3535; x_wconf 85' lang='lat' dir='ltr'>Oberdiokium</span> <span class='ocrx_word' id='word_1_236' title='bbox 1151 3474 1248 3545; x_wconf 88' lang='lat' dir='ltr'>prohi-</span> 
     </span>
     <span class='ocr_line' id='line_1_30' title="bbox 153 3572 1248 3649; baseline -0.008 -16"><span class='ocrx_word' id='word_1_237' title='bbox 153 3580 215 3634; x_wconf 87' lang='lat' dir='ltr'>beri</span> <span class='ocrx_word' id='word_1_238' title='bbox 233 3581 368 3649; x_wconf 84' lang='lat' dir='ltr'>oportuit‚</span> <span class='ocrx_word' id='word_1_239' title='bbox 387 3596 422 3633; x_wconf 85' lang='lat' dir='ltr'>ne</span> <span class='ocrx_word' id='word_1_240' title='bbox 441 3595 542 3633; x_wconf 90' lang='lat' dir='ltr'>nomen</span> <span class='ocrx_word' id='word_1_241' title='bbox 559 3577 736 3644; x_wconf 82' lang='lat' dir='ltr'>Gallioni,</span> <span class='ocrx_word' id='word_1_242' title='bbox 755 3593 838 3646; x_wconf 89' lang='lat' dir='ltr'>quem</span> <span class='ocrx_word' id='word_1_243' title='bbox 856 3592 919 3630; x_wconf 89' lang='lat' dir='ltr'>oum</span> <span class='ocrx_word' id='word_1_244' title='bbox 932 3573 1058 3629; x_wconf 77' lang='lat' dir='ltr'>Odenato</span> <span class='ocrx_word' id='word_1_245' title='bbox 1077 3572 1248 3627; x_wconf 83' lang='lat' dir='ltr'>collocutum</span> 
     </span>
     <span class='ocr_line' id='line_1_31' title="bbox 155 3653 1248 3745; baseline -0.009 -14"><span class='ocrx_word' id='word_1_246' title='bbox 155 3694 215 3731; x_wconf 86' lang='lat' dir='ltr'>esse</span> <span class='ocrx_word' id='word_1_247' title='bbox 234 3676 356 3745; x_wconf 86' lang='lat' dir='ltr'>scriptor</span> <span class='ocrx_word' id='word_1_248' title='bbox 376 3675 468 3744; x_wconf 89' lang='lat' dir='ltr'>inepte</span> <span class='ocrx_word' id='word_1_249' title='bbox 487 3673 575 3728; x_wconf 84' lang='lat' dir='ltr'>refert</span> <span class='ocrx_word' id='word_1_250' title='bbox 594 3673 670 3744; x_wconf 81' lang='lat' dir='ltr'>(Frg.</span> <span class='ocrx_word' id='word_1_251' title='bbox 684 3672 727 3727; x_wconf 86' lang='lat' dir='ltr'>ed.</span> <span class='ocrx_word' id='word_1_252' title='bbox 746 3671 811 3727; x_wconf 82' lang='lat' dir='ltr'>Ddf.</span> <span class='ocrx_word' id='word_1_253' title='bbox 828 3689 855 3741; x_wconf 91' lang='lat' dir='ltr'>p.</span> <span class='ocrx_word' id='word_1_254' title='bbox 876 3669 949 3738; x_wconf 80' lang='lat'>239),</span> <span class='ocrx_word' id='word_1_255' title='bbox 967 3668 996 3721; x_wconf 91' lang='lat' dir='ltr'>in</span> <span class='ocrx_word' id='word_1_256' title='bbox 1009 3653 1248 3732; x_wconf 59' lang='lat' dir='ltr'>›rtrmrlcwm-</span> 
     </span>
     <span class='ocr_line' id='line_1_32' title="bbox 154 3757 1249 3842; baseline -0.007 -16"><span class='ocrx_word' id='word_1_257' title='bbox 154 3773 273 3842; x_wconf 80' lang='lat' dir='ltr'>dington</span> <span class='ocrx_word' id='word_1_258' title='bbox 292 3772 327 3825; x_wconf 87' lang='lat' dir='ltr'>ad</span> <span class='ocrx_word' id='word_1_259' title='bbox 346 3771 463 3825; x_wconf 87' lang='lat' dir='ltr'>Lebas</span> <span class='ocrx_word' id='word_1_260' title='bbox 482 3766 680 3841; x_wconf 84' lang='lat' dir='ltr'>‘inscriptions’</span> <span class='ocrx_word' id='word_1_261' title='bbox 704 3769 786 3838; x_wconf 83' lang='lat'><strong>2600)</strong></span> <span class='ocrx_word' id='word_1_262' title='bbox 804 3770 853 3821; x_wconf 86' lang='lat' dir='ltr'>aut</span> <span class='ocrx_word' id='word_1_263' title='bbox 868 3757 1077 3835; x_wconf 67' lang='grc' dir='ltr'><strong><em>»Οὐαλεριανόςι</em></strong></span> <span class='ocrx_word' id='word_1_264' title='bbox 1097 3762 1249 3833; x_wconf 82' lang='lat' dir='ltr'>(Oberdick</span> 
     </span>
     <span class='ocr_line' id='line_1_33' title="bbox 154 3860 1246 3934; baseline -0.007 -12"><span class='ocrx_word' id='word_1_265' title='bbox 154 3869 184 3923; x_wconf 90' lang='lat' dir='ltr'>in</span> <span class='ocrx_word' id='word_1_266' title='bbox 201 3868 274 3923; x_wconf 89' lang='lat' dir='ltr'>libro</span> <span class='ocrx_word' id='word_1_267' title='bbox 295 3867 361 3921; x_wconf 85' lang='lat' dir='ltr'>»Die</span> <span class='ocrx_word' id='word_1_268' title='bbox 380 3865 644 3922; x_wconf 80' lang='lat' dir='ltr'>rbmerfeindliohen</span> <span class='ocrx_word' id='word_1_269' title='bbox 660 3866 857 3934; x_wconf 79' lang='lat' dir='ltr'>Bewegungen</span> <span class='ocrx_word' id='word_1_270' title='bbox 875 3862 914 3914; x_wconf 91' lang='lat' dir='ltr'>im</span> <span class='ocrx_word' id='word_1_271' title='bbox 932 3860 1046 3915; x_wconf 79' lang='lat' dir='ltr'>Oriens«</span> <span class='ocrx_word' id='word_1_272' title='bbox 1074 3877 1102 3930; x_wconf 85' lang='lat' dir='ltr'>p.</span> <span class='ocrx_word' id='word_1_273' title='bbox 1123 3861 1175 3914; x_wconf 78' lang='lat'>138</span> <span class='ocrx_word' id='word_1_274' title='bbox 1192 3861 1246 3929; x_wconf 75' lang='lat' dir='ltr'>sq.)</span> 
     </span>
     <span class='ocr_line' id='line_1_34' title="bbox 155 3967 303 4019; baseline -0.02 0"><span class='ocrx_word' id='word_1_275' title='bbox 155 3967 303 4019; x_wconf 86' lang='lat' dir='ltr'>mutarent.</span> 
     </span>
    </p>

    <p class='ocr_par' dir='ltr' id='par_1_7' title="bbox 256 4050 1245 4129">
     <span class='ocr_line' id='line_1_35' title="bbox 256 4050 1245 4129; baseline -0.007 -15"><span class='ocrx_word' id='word_1_276' title='bbox 256 4062 284 4126; x_wconf 74' lang='lat' dir='ltr'>ss)</span> <span class='ocrx_word' id='word_1_277' title='bbox 309 4059 345 4114; x_wconf 79' lang='lat' dir='ltr'>oi.</span> <span class='ocrx_word' id='word_1_278' title='bbox 364 4075 435 4129; x_wconf 83' lang='lat' dir='ltr'>quae</span> <span class='ocrx_word' id='word_1_279' title='bbox 452 4060 622 4114; x_wconf 82' lang='lat' dir='ltr'>notaverunt</span> <span class='ocrx_word' id='word_1_280' title='bbox 640 4055 826 4119; x_wconf 79' lang='lat' dir='ltr'>Ossanbonus,</span> <span class='ocrx_word' id='word_1_281' title='bbox 840 4051 1043 4116; x_wconf 84' lang='lat' dir='ltr'>Tillemontius,</span> <span class='ocrx_word' id='word_1_282' title='bbox 1062 4050 1245 4123; x_wconf 77' lang='lat' dir='ltr'>Osnnegiete·</span> 
     </span>
    </p>
   </div>
   <div class='ocr_carea' id='block_1_7' title="bbox 155 4155 287 4223">
    <p class='ocr_par' dir='ltr' id='par_1_8' title="bbox 155 4155 287 4223">
     <span class='ocr_line' id='line_1_36' title="bbox 155 4155 287 4223; baseline -0.008 -11"><span class='ocrx_word' id='word_1_283' title='bbox 155 4173 211 4223; x_wconf 85' lang='lat' dir='ltr'>rus,</span> <span class='ocrx_word' id='word_1_284' title='bbox 230 4155 287 4211; x_wconf 86' lang='lat' dir='ltr'>alii.</span> 
     </span>
    </p>
   </div>
   <div class='ocr_carea' id='block_1_8' title="bbox 0 0 1416 4724">
    <p class='ocr_par' dir='ltr' id='par_1_9' title="bbox 0 0 1416 4724">
     <span class='ocr_line' id='line_1_37' title="bbox 0 0 1416 4724; baseline 0 0"><span class='ocrx_word' id='word_1_285' title='bbox 0 0 1416 4724; x_wconf 95' lang='lat' dir='ltr'> </span> 
     </span>
    </p>
   </div>
  </div>
 </body>
</html>
