2820 4724
678 268 698 327 8

138 448 314 525 Lucienus,
350 446 545 528 utquisque
569 446 778 512 audacissime
800 452 833 512 et
851 448 1096 516 insolentissime
1127 452 1239 518 meuti-

138 562 237 637 retur,
259 559 306 622 ita
326 575 398 623 eum
424 554 603 621 firmissime
623 573 807 621 asseverare
839 559 1045 637 consuevisse,
1076 561 1239 625 scomma

138 683 213 730 vere
226 664 353 744 referre,
375 669 473 744 atque
484 664 682 730 sanctissime
702 665 816 746 iurare,
832 683 866 732 se
877 684 940 732 nou
958 666 998 731 ab
1011 666 1081 731 aliis
1100 668 1234 747 audisse,

140 789 224 853 quae
238 776 385 836 narraret
406 771 462 835 sed
482 771 587 850 ipsum
605 771 704 837 oculis
728 772 848 850 uidisse⁴
855 770 888 854 ¹).
912 771 1000 849 Quae
1012 791 1083 839 cum
1105 775 1151 840 ita
1166 775 1238 854 sint,
1328 821 1330 824 -

138 880 274 946 maxime
295 879 468 944 cavendum
492 896 561 945 esse
576 881 728 961 apparet,
751 899 791 946 ne
812 880 930 948 talibus
952 883 1236 949 asseverationibus

138 988 253 1054 leviter
289 988 465 1067 credamus,
487 1004 566 1053 neve
587 988 649 1054 illis
670 987 744 1053 freti
765 989 791 1052 si
819 1007 901 1069 quae
933 991 1013 1055 mira
1035 994 1068 1056 et
1089 995 1238 1072 suspecta

142 1114 213 1162 esse
236 1095 384 1162 videntur
404 1097 456 1160 vel
479 1094 556 1160 nihil
578 1080 724 1161 curemus
748 1096 799 1160 vel
823 1097 917 1185 nimis
939 1103 1054 1178 argute
1069 1097 1237 1166 defendere

138 1211 172 1270 et
195 1205 353 1285 explicare
387 1205 584 1270 studeamus.
627 1205 709 1269 Nam
739 1222 841 1284 neque
861 1206 966 1271 omnia
987 1208 1141 1288 exemplo,
1169 1209 1236 1289 qui·

138 1314 198 1380 bus
219 1330 296 1377 suae
316 1312 432 1377 aetatis
453 1313 610 1377 rationem
637 1312 788 1378 historiae
809 1313 1052 1379 conscribendae
1072 1316 1237 1381 ostendere

139 1426 255 1503 posset,
280 1421 454 1486 Luciannm
476 1421 544 1487 loco
572 1419 702 1486 laudato
735 1421 1008 1503 comprehendisse
1031 1440 1134 1504 neque
1156 1425 1237 1490 inse·

140 1529 247 1611 quenti
268 1533 376 1594 aetate
395 1528 510 1594 similia
532 1529 672 1595 defuisse
696 1534 729 1595 et
750 1547 808 1612 per
831 1549 864 1596 se
886 1532 953 1596 veri
975 1535 1023 1595 est
1045 1531 1237 1597 simillimum

140 1641 225 1702 etex
237 1637 344 1701 multis
364 1635 552 1718 scriptorum
574 1637 726 1702 historiae
748 1639 914 1720 Augustae
936 1639 1011 1704 locis
1031 1639 1238 1720 intelligitur,

141 1745 226 1826 quod
247 1746 331 1811 enim
355 1744 598 1826 Heliogabalum
613 1745 838 1826 imperatorem
860 1747 1041 1828 coegisse
1068 1748 1237 1813 nonnullos

140 1855 311 1936 scriptores
322 1858 359 1919 ut
383 1853 537 1919 »nefanda
559 1854 656 1918 immo
677 1855 786 1935 potius
801 1856 919 1936 impia«
944 1855 984 1920 de
997 1855 1239 1920 Diadumeniani

141 1961 286 2028 (laeseris
307 1962 434 2027 luxuria
454 1961 671 2042 disputarent,
702 1962 902 2043 Lampridius
929 1967 1042 2027 namet
1074 1961 1239 2044 (Lampr.

140 2090 169 2135 v.
191 2070 342 2150 Heliog.
365 2088 391 2135 c.
413 2073 477 2149 8,5
503 2070 552 2134 ed.
568 2070 698 2150 Peter),
723 2088 761 2135 ea
782 2088 846 2135 non
867 2088 940 2135 vere
963 2088 1017 2136 eos
1039 2070 1168 2150 dixisse,
1182 2069 1238 2135 sed

140 2179 279 2259 cogitate
301 2196 337 2243 ac
360 2177 502 2243 consulto
524 2180 691 2244 ementitos
715 2196 784 2244 esse
805 2177 1007 2244 manifestum
1033 2184 1091 2243 est.
1129 2177 1240 2258 Neque

140 2287 240 2371 igitur
260 2284 401 2351 dubitari
413 2291 528 2367 potest,
544 2286 618 2365 quin
640 2287 871 2367 scriptores
893 2304 1019 2369 quoque
1039 2285 1239 2366 historiae

141 2397 371 2477 Augustae,
405 2396 520 2477 quippe
542 2396 607 2477 qui,
639 2397 782 2476 quamvis
814 2395 954 2478 ipsisne
976 2400 1090 2478 sponte
1111 2392 1240 2459 finxisse

142 2508 239 2586 atque
261 2505 394 2569 scientes
416 2501 567 2570 fefellisse
588 2522 663 2570 non>
677 2505 811 2586 putandi
834 2505 907 2583 sint,
941 2504 1084 2586 priorum
1112 2503 1242 2571 histori-

141 2631 250 2679 corum
273 2612 387 2679 diflusa
412 2630 509 2694 opera
527 2613 560 2677 in
583 2613 826 2678 summariorum
859 2614 1023 2693 angustias
1053 2611 1241 2694 compellere

142 2739 313 2802 eorumque
324 2721 465 2802 vestigiis
484 2720 571 2785 nullo
586 2738 642 2784 suo
661 2719 774 2786 iudicio
794 2721 941 2786 insistere
955 2720 1093 2786 conteuti
1107 2718 1238 2799 fuerint,

142 2830 294 2896 eiusmodi
319 2829 489 2895 mendaciis
511 2846 549 2894 ac
568 2829 684 2894 fabulis
705 2828 794 2909 quasi
805 2827 994 2894 redundent.
1021 2827 1066 2893 Et
1088 2825 1239 2908 profecto,

143 2939 169 3003 si
189 2939 222 3002 in
244 2938 454 3004 Maximini
484 2937 685 3020 imperatoris
705 2939 828 3004 vitam
848 2957 869 3002 a
891 2936 1067 3019 Capitolino
1087 2937 1239 3018 scriptam

143 3047 323 3118 accuratius
353 3047 569 3128 inquisiveris,
591 3047 726 3115 emeris
757 3044 825 3112 fere
855 3044 1034 3126 mendaciis,
1068 3063 1151 3126 quae
1177 3045 1241 3110 illis

143 3155 219 3221 belli
240 3155 378 3221 Parthici
402 3157 589 3238 scriptorum
612 3158 736 3222 omuino
759 3154 837 3221 nihil
857 3155 979 3235 cedant,
1004 3173 1075 3220 eam
1096 3159 1242 3220 constare

144 3264 291 3330 invenies.

243 3375 343 3440 Recte
369 3374 496 3454 quidem
518 3373 633 3439 dixerit
653 3374 821 3456 quispiam,
855 3373 932 3453 quia
954 3371 1154 3438 Lucienus
1176 3369 1197 3432 l.
1219 3368 1240 3432 l.

144 3481 223 3547 istos
243 3481 409 3547 historicos
433 3480 671 3563 obiurgarverit,
693 3481 776 3559 qnod
798 3479 922 3544 fabulas
943 3481 975 3541 et
994 3478 1057 3540 alia
1078 3474 1242 3541 mendacia

146 3590 404 3673 composuissent,
430 3606 492 3653 non
515 3588 729 3671 obiurgaverit
761 3586 845 3676 quod
876 3587 987 3651 literas
1009 3584 1059 3648 vel
1083 3589 1156 3674 acta
1183 3581 1240 3647 fin-

145 3697 284 3778 xissent,
315 3698 387 3764 inde
415 3697 520 3780 colligi
539 3715 645 3779 posse,
674 3694 733 3763 has
755 3712 879 3777 quoque
900 3695 1127 3777 imperatorum
1148 3691 1241 3772 ritas,

248 3948 273 4020 1)
299 3949 342 4003 Ita
360 3947 599 4018 impudentissime
617 3946 767 4002 affirmarit
790 3944 903 4015 quidem
922 3959 957 3999 ex
975 3944 1031 4000 illis
1048 3945 1240 4011 mendacibus,

147 4064 217 4118 quos
232 4050 313 4103 notat
332 4046 497 4102 [lucianusl
511 4047 544 4101 l.:
565 4037 620 4100 nino
638 4041 798 4118 ὀφθαλμῶν
814 4036 994 4115 ἀπιστότερα·
1014 4041 1155 4117 »γράφω
1174 4048 1241 4097 τοί·

148 4162 208 4199 νυν
225 4138 243 4197 ἃ
263 4143 366 4209 εἶδον,
385 4138 446 4214 οὐχ
464 4138 482 4196 ἃ
501 4139 657 4211 quonum«
