2820 4724
719 271 758 331 15

193 455 403 537 ahampridio
425 453 565 535 scriptae
576 452 601 534 ¹)
623 452 764 518 maxima
785 470 825 518 ex
849 441 943 533 parte
954 468 995 515 ex
1016 465 1079 514 uno
1091 450 1183 529 quasi
1203 448 1290 515 fonte

192 564 327 629 haustae
343 561 417 640 sint,
439 579 478 626 ex
502 560 623 629 Marii
647 558 813 624 Maximi
838 557 1020 637 historiis2).
1044 554 1106 632 Qui
1127 574 1189 636 quo
1210 561 1288 621 tern-

192 688 268 752 pore
289 669 387 735 luerit
401 686 559 748 quemque
582 668 737 732 honorum
758 684 885 732 cursum
908 666 1100 746 percurrerit
1120 665 1291 731 satis'con·

192 785 257 847 stat
281 779 302 861 )·.
351 778 455 842 Natus
478 777 603 842 circiter
630 794 659 841 a.
679 795 710 858 p.
733 773 788 840 Oh.
812 794 843 839 n.
868 776 936 852 160,
967 773 999 837 in
1017 773 1153 839 Thracia
1175 773 1290 854 legioni

191 887 216 952 I.
245 887 377 952 Italicae
417 883 574 967 praefuit,
606 902 678 949 cum
694 883 880 966 ¹Septimius
910 880 1046 948 Severus
1075 882 1115 946 ab
1151 881 1291 946 exercitu

191 996 363 1078 imperator
377 997 540 1060 crearetur
557 992 602 1075 (a.
622 994 705 1074 193),
728 993 840 1059 deinde
860 995 928 1058 eius
949 996 1057 1075 partes
1077 996 1206 1056 secutus
1221 1008 1291 1056 cum

162 1174 166 1180 ,
191 1105 223 1169 in
236 1102 320 1168 bello
334 1107 442 1168 contra
451 1101 660 1167 Pescennium
671 1099 805 1181 Nigrum
817 1107 908 1181 gesto
923 1098 1008 1181 apud
1019 1099 1207 1179 Byzantium
1221 1104 1291 1164 tum

191 1213 224 1277 in
254 1212 336 1278 bello
368 1215 479 1276 contra
509 1210 659 1274 Albinum
693 1210 778 1291 apud
800 1209 990 1290 Lugdunum
1019 1207 1082 1272 dux
1116 1209 1292 1274 aexercitus

192 1319 339 1401 Mysiaciu
363 1320 429 1385 sive
450 1319 609 1398 legionum
621 1318 859 1384 Moesiacarum
881 1336 959 1398 prae
980 1318 1092 1383 ceteris
1107 1317 1292 1383 excelluisse

192 1428 326 1495 uidetur.
368 1428 469 1493 Paulo
494 1431 567 1506 post
594 1427 762 1492 consulatu
792 1424 920 1491 functus
952 1426 1054 1507 primo
1086 1425 1291 1491 Germaniam

192 1537 381 1615 inferiorem,
414 1535 527 1601 deinde
561 1533 684 1614 Syriam
709 1533 823 1600 Coelen
846 1534 1023 1616 provincias
1051 1534 1291 1612 administravit,

192 1647 296 1726 tertio,
326 1648 494 1724 postquem
516 1659 545 1706 a.
577 1645 636 1705 217
662 1643 701 1706 ab
731 1643 920 1723 imperatore
941 1641 1096 1707 Macrino*
1112 1641 1292 1722 praefectus

193 1753 264 1821 urbi
284 1752 390 1818 factus
412 1755 469 1829 est,
492 1767 549 1832 pro
580 1750 707 1816 consule
728 1750 837 1814 Asiam
871 1750 1073 1832 gubernavit.
1118 1750 1209 1815 Unde
1230 1749 1292 1816 Ro·

191 1880 276 1927 nnam
294 1879 440 1926 reversus
452 1877 525 1925 cum
540 1878 569 1924 a.
584 1863 644 1922 223
669 1861 783 1923 iterum
806 1859 916 1924 consul
929 1859 1143 1938 processisset,
1165 1859 1291 1938 iterum,

189 1969 223 2035 id
252 1968 338 2050 quod
370 1969 478 2050 paucis
508 1968 634 2032 evenire
660 1967 789 2046 solebat,
819 1967 1010 2048 provinciam
1032 1969 1293 2050 proconsularem
1347 2054 1350 2059 .

190 2076 333 2144 Africam
355 2076 501 2142 obtinuit.
545 2074 675 2152 Qualem
707 2076 826 2140 exitum
860 2075 944 2139 vitae
968 2074 1115 2141 habuerit
1137 2077 1293 2142 nescimus

113 2228 118 2237 ,
192 2204 249 2251 nec
276 2186 356 2251 satis
384 2185 485 2265 liquet
509 2189 616 2249 uuum
638 2183 820 2248 Alexandro
843 2183 959 2251 Severo
981 2185 1160 2267 imperatori
1185 2203 1293 2265 super-

192 2298 258 2361 stes
278 2290 385 2373 fuerit,
406 2310 514 2358 necne.

291 2401 374 2468 Erat
394 2401 492 2483 igitur
514 2401 637 2467 Marius
659 2400 815 2465 Maximus
846 2401 895 2465 vir
918 2419 1061 2468 summae
1093 2402 1292 2469 auctoritatis

199 2575 390 2586 ——-.

293 2703 319 2768 1)
337 2701 381 2754 Ad
400 2718 546 2770 quemnam
564 2705 705 2756 auctorem
726 2703 783 2756 vita
801 2719 928 2772 quaeque
946 2702 1091 2757 referenda
1109 2702 1145 2756 sit
1164 2702 1293 2771 quoniam

192 2792 284 2849 adhuc
297 2795 414 2850 (lisbium
433 2801 700 2866 controversumque
712 2806 764 2865 est,
782 2799 887 2852 retinui
900 2799 957 2854 lere
976 2798 1079 2867 ubique
1096 2799 1209 2853 nomina
1223 2816 1294 2868 quae

190 2888 260 2945 libri
286 2893 470 2962 manuscripti
499 2892 640 2947 exhibent.
678 2892 775 2962 Neque
802 2895 875 2947 enim
896 2895 944 2963 qui
961 2913 1051 2965 nuper
1078 2895 1293 2965 diligentissime

148 2987 162 3015 ¹
191 2985 262 3040 hauc
273 2989 464 3055 quaestionem
474 2992 675 3053 tractaverunt,
688 2989 706 3042 J
713 3007 729 3042 ο
738 2989 826 3042 hann
834 3007 870 3044 es
888 2991 947 3044 Ple
955 3008 979 3044 w
992 2991 1069 3061 (diss.
1079 2991 1172 3060 inaug.
1183 2991 1293 3061 Regim.

193 3082 275 3151 1869)
293 3085 322 3136 st
340 3083 512 3136 Aemilius
531 3085 668 3139 Brocks
694 3083 770 3150 (diss.
795 3085 888 3155 inaug.
909 3085 979 3156 Reg.
1001 3087 1080 3154 1869)
1108 3103 1168 3140 earn
1187 3087 1294 3156 persol-

191 3176 265 3231 visse
281 3178 351 3232 mihi
366 3179 505 3234 videntur.
541 3181 586 3234 An
607 3196 673 3236 vero
697 3178 836 3248 quispiam
852 3185 885 3235 ut
908 3181 962 3236 hoc
985 3199 1070 3236 unum
1088 3181 1206 3238 afferam
1230 3200 1293 3237 con·

192 3275 317 3341 cesserit,
344 3276 508 3329 Brocksium
534 3278 612 3332 recte
637 3278 759 3331 mutasse
782 3276 821 3346 (p.
840 3279 886 3344 45)
915 3277 945 3330 in
964 3278 1023 3332 vita
1047 3279 1166 3334 Macrini
1184 3279 1220 3349 (c.
1244 3280 1297 3350 15),

195 3370 308 3423 maximi
325 3371 459 3425 momenti
478 3371 551 3432 loco,
568 3371 799 3428 Diocletiani
818 3389 920 3427 nomen
938 3373 968 3428 in
987 3374 1247 3430 Constantini?

290 3468 319 3534 2)
338 3467 374 3522 cf.
392 3467 555 3524 Dirhsen.
575 3486 602 3537 p.
621 3471 666 3523 25.
684 3467 841 3524 Richter.
859 3487 888 3538 p.
907 3472 951 3525 45.
988 3471 1046 3525 Alii
1064 3477 1194 3546 auctores
1214 3489 1294 3540 prae·

189 3561 272 3630 cipue
291 3563 418 3631 excerpti
444 3564 559 3619 suntin
577 3564 643 3620 vitis
668 3563 792 3619 Avidii
822 3565 949 3633 Cassii,
966 3566 1082 3637 Nigri,
1105 3573 1135 3622 et
1152 3568 1293 3636 Albini3

191 3673 257 3712 nem
275 3657 350 3726 quod
373 3657 491 3713 Richter
508 3658 527 3713 l.
546 3662 564 3714 l.
585 3660 654 3715 dicit
675 3659 705 3713 in
723 3659 812 3714 Cassii
830 3664 913 3729 atque
931 3662 1035 3734 Albini}
1052 3663 1119 3719 vitis
1141 3664 1294 3719 Maximum

192 3752 324 3818 tanquam
342 3751 449 3806 fontem
466 3756 649 3824 praecipuum
669 3755 844 3810 nominatum
863 3773 932 3821 esse,
952 3756 1053 3812 falsum
1071 3762 1123 3814 eat.

291 3849 319 3918 o)
329 3849 372 3904 De
390 3850 481 3906 Mario
496 3851 618 3907 Maximo
637 3852 751 3922 egregie
769 3853 903 3907 disseruit
921 3854 1142 3924 Borghesius
1157 3854 1291 3926 (Oeuvree

189 3942 223 4008 V,
233 3945 287 3999 455
296 3951 366 4015 sqq.)
383 3964 472 4016 neque
490 3949 563 4003 enirn
583 3952 635 4014 est,
655 3966 704 4004 cur
717 3949 875 4006 dubitemus
886 3951 952 4018 quin
970 3950 1019 4004 ille
1036 3951 1067 4004 L.
1078 3950 1184 4005 Marius
1202 3951 1292 4007 Maxi·

189 4057 250 4095 mne
260 4040 416 4110 Perpetuus
428 4044 596 4103 Aurelianus
614 4045 718 4099 multis.
728 4044 819 4098 titulis
832 4044 987 4100 honoratus
1004 4046 1077 4100 idem
1090 4047 1185 4112 fuerit,
1206 4053 1290 4119 atque

189 4135 347 4195 historicus.
386 4139 421 4193 cf.
441 4139 731 4196 Orelli-Heraea.
752 4142 893 4210 Inscriptt.
912 4161 939 4198 n.
959 4145 1038 4200 5502.
