2820 4724
718 268 738 328 9

182 450 356 531 dequibus
377 452 493 531 agitur,
516 451 627 516 multis
646 451 774 532 ineptiis
796 468 834 515 ao
849 451 1098 516 narratiunculis
1125 448 1276 516 fabulosis

178 577 246 627 mse
265 560 508 640 contaminatas,
530 579 592 625 non
614 560 686 625 inde
701 559 912 642 colligendum
937 577 1015 639 esse,
1036 559 1133 625 etiam
1155 560 1274 639 epistu-

177 669 225 735 las
245 672 281 735 et
300 671 382 745 acta,
406 685 575 748 quaerero
591 686 629 735 ac
650 668 786 751 genuina
807 685 876 732 esse
895 668 1065 748 scriptores
1088 670 1188 732 nostri
1202 686 1275 733 oon·

176 777 342 843 tenderent
372 781 519 858 suspecta
541 794 610 843 esse
639 783 697 843 aut
716 775 807 841 falsa.
852 776 896 841 At
923 776 1071 858 quoniam
1092 776 1124 841 id
1152 775 1276 840 efficere

178 887 310 953 volniet
330 885 470 952 effecisse
491 886 568 950 mihi
590 886 707 965 videor,
729 889 766 950 ut
787 886 847 951 hac
869 885 1040 951 Caesarum
1063 889 1188 950 aetacte
1201 884 1275 950 scri·

177 999 284 1076 ptores
306 1013 369 1060 non
385 996 478 1061 modo
499 1012 561 1059 non
584 996 626 1060 ad
652 996 809 1077 integram
832 995 983 1061 orationis
1012 995 1181 1060 sanitatem
1202 994 1276 1059 sirn-

177 1103 353 1184 plicamque
375 1106 544 1171 oandorem
567 1104 705 1181 rediisse,
730 1104 787 1170 sed
808 1104 910 1184 magis
928 1104 1092 1183 magisque
1114 1104 1202 1169 nulla
1224 1121 1276 1168 ue·

178 1212 284 1277 nitatis
295 1211 404 1281 habita
423 1213 548 1278 ratione
569 1214 610 1278 ad
627 1212 844 1277 delectationis
861 1210 1166 1291 vehementiorisque
1186 1229 1276 1274 orna·

178 1323 231 1387 tus
249 1320 390 1386 studium
407 1326 439 1386 et
452 1321 545 1387 foeda
567 1320 784 1387 laudationum
804 1320 958 1385 lenocinia
980 1321 1092 1386 ductos
1106 1322 1158 1385 vel
1172 1321 1278 1401 potins

180 1431 289 1510 raptos
306 1446 378 1495 esse
399 1430 544 1495 omnibus
560 1434 723 1510 appareat,
747 1430 805 1494 hoo
819 1429 1010 1510 quodsupra
1032 1429 1148 1504 monui,
1171 1432 1278 1493 tenen-

179 1535 255 1601 dum
276 1554 345 1602 esse
358 1537 463 1618 quiuis
482 1536 559 1601 mihi
581 1538 741 1616 concedat,
760 1540 799 1603 ut
819 1538 920 1602 multo
943 1537 1039 1601 etiam
1062 1538 1163 1617 magis
1180 1553 1276 1616 quam

178 1644 299 1724 antiqui
319 1647 491 1726 scriptores
511 1645 606 1710 huius
622 1646 737 1711 aetatis
760 1644 899 1711 historici
914 1645 1032 1709 falsarii
1053 1665 1091 1711 ac
1112 1644 1277 1710 mendaces

177 1752 378 1818 existimandi
403 1754 476 1819 sint.
508 1752 614 1830 Quare
631 1753 715 1834 quod
736 1755 800 1819 iam
818 1754 865 1818 illi
886 1773 945 1820 sua
966 1756 1143 1819 commenta
1162 1770 1279 1835 suppo·

177 1863 286 1930 sitioiis
304 1863 494 1928 testimoniis
509 1863 645 1944 probare
660 1881 696 1929 ao
717 1861 901 1929 confirmare
916 1882 979 1930 non
998 1864 1200 1940 verebantur,
1219 1861 1277 1928 hos

178 1970 289 2037 iisdem
310 1969 475 2038 fraudibus
496 1991 533 2038 ao
554 1971 690 2038 fallaciis
710 1990 773 2037 non
794 1972 984 2038 abstinuisse
1006 1989 1064 2052 pro
1087 1975 1172 2037 certo
1193 1969 1277 2035 altir-

179 2096 268 2144 mare
289 2079 373 2145 licet.

277 2187 388 2268 Neque
409 2191 516 2252 tamen
538 2187 571 2252 id
596 2188 698 2254 solum
720 2187 792 2266 fuit,
818 2208 879 2271 quo
908 2191 1076 2271 scriptores
1104 2187 1144 2252 ad
1166 2186 1278 2251 literas

163 2292 304 2383 'aliaque
314 2299 521 2361 monumenta
531 2299 555 2372 1)
573 2297 778 2379 supponenda
791 2302 824 2362 et
838 2297 985 2379 fingenda
1000 2296 1076 2363 moti
1092 2312 1160 2361 esse
1172 2295 1278 2359 viden·

178 2406 241 2468 tur.
282 2401 374 2479 Quod
395 2403 554 2469 enimusu
576 2408 738 2484 receptum
760 2409 831 2469 erat
853 2405 937 2486 apud
957 2410 1081 2470 veteres
1105 2404 1278 2483 historicos,

178 2515 216 2577 ut
248 2512 482 2576 commentariis
515 2513 675 2579 mallones
705 2513 931 2594 contionesque
961 2513 1140 2578 intexerent
1164 2512 1279 2590 quibus

179 2619 321 2684 homines
341 2619 424 2700 ipsos
444 2625 576 2702 agentes
599 2627 633 2687 et
652 2621 818 2703 loquentes
841 2625 1080 2702 repraesentare
1107 2638 1280 2700 eorumque

178 2725 322 2792 habitum
346 2746 384 2792 ae
405 2733 554 2795 naturam
569 2748 664 2811 quam
687 2731 823 2795 maxime
839 2748 987 2810 expresse
1009 2730 1183 2810 legentium
1205 2745 1278 2793 ocu-

179 2835 218 2901 lis
252 2835 395 2901 subicere
427 2839 561 2919 vellent,
595 2839 628 2904 id
652 2859 688 2906 eo
710 2840 880 2906 studiosius
912 2839 1081 2919 scriptores
1114 2837 1278 2917 amplexos

180 2960 248 3009 esse
269 2962 306 3010 ao
332 2945 469 3012 ‚coluisse
497 2948 656 3027 videmus,
694 2966 757 3029 quo
781 2948 882 3029 magis
912 2948 1044 3030 quodvis
1077 2945 1206 3011 oratorii
1228 2963 1281 3010 or-

271 3187 398 3259 ·1)Non
417 3190 501 3246 modo
528 3191 661 3260 epistulas
689 3191 734 3244 rel
755 3194 819 3244 acta
836 3189 949 3260 publica
967 3193 1035 3245 tnnc
1065 3189 1184 3244 conficta
1212 3206 1281 3258 esse,

180 3297 279 3336 verium
298 3284 383 3339 etiam
405 3286 460 3340 alia
479 3289 667 3351 monumenta,
687 3287 775 3341 veluti
796 3286 903 3350 titulos,
923 3304 938 3341 e
956 3286 1127 3355 scriptorum
1144 3285 1280 3339 historiae

180 3382 326 3448 Augustae
344 3383 413 3438 locis
431 3383 576 3437 nonnullis
594 3383 785 3452 intelligimus.
822 3383 893 3437 Nam
911 3382 1011 3438 falsum
1030 3385 1074 3436 est
1092 3386 1124 3435 nt
1142 3399 1228 3434 unum
1241 3381 1280 3435 al·

179 3485 277 3549 feram,
299 3483 374 3552 quod
401 3482 606 3538 Trebellius
631 3483 748 3537 Pollio
777 3482 836 3552 (vit.
856 3481 965 3536 Gallien
990 3496 1013 3534 c.
1036 3482 1076 3545 19,
1094 3481 1120 3541 4,
1141 3477 1184 3531 ed.
1204 3478 1277 3542 Pet.)

181 3584 278 3635 narrat
290 3583 413 3634 statuam
432 3579 573 3648 quandam
590 3579 721 3633 habuisse
741 3578 923 3646 »inscriptum
943 3574 1064 3630 Gallltno
1081 3571 1181 3627 luulorl
1201 3571 1281 3627 Soio·

184 3675 248 3731 ulno
273 3660 425 3739 additum«,
451 3675 581 3744 quoniam
607 3674 726 3730 Gallieni
744 3672 867 3744 Augusti
890 3671 957 3738 filio,
984 3670 1094 3738 dequo
1114 3687 1205 3749 sermo
1225 3673 1277 3734 est,

181 3757 342 3833 Gallieni
373 3788 474 3827 nomeu
501 3788 558 3824 non
586 3770 672 3825 luisse
700 3774 819 3825 constat.
839 3799 874 3809 -
892 3769 934 3822 De
961 3767 1023 3822 aliis
1051 3767 1107 3820 iam
1124 3766 1280 3820 rectissimo

181 3867 318 3929 indicavit
335 3867 514 3921 Henricue
533 3864 777 3936 Oannegieter
795 3865 824 3918 in
833 3863 1068 3918 commentatione
1083 3861 1117 3915 de
1131 3861 1280 3916 ›Trebellii

181 3961 317 4017 Pollionis
344 3962 518 4032 negligentia
540 3961 693 4032 castigata«
721 3959 759 4030 (p.
779 3962 829 4014 191
852 3961 919 4028 sq),
944 3975 1027 4026 quam
1045 3972 1183 4010 unacum
1204 3955 1277 4011 libro

179 4058 316 4129 singulari
334 4057 385 4112 »de
397 4060 506 4112 mutata
515 4057 705 4112 Romanorum
722 4056 866 4111 nominum
884 4057 936 4110 sub
948 4054 1123 4124 principibus
1142 4053 1266 4107 ratione«

179 4169 203 4209 a
225 4155 294 4209 1774
310 4154 416 4224 publici
436 4153 505 4207 iuris
522 4152 598 4208 lecit.
