2820 4724
677 285 696 346 6

237 467 342 545 Quare
361 485 411 533 me
428 483 543 547 operae
556 467 693 546 pretium
716 483 785 533 esse
804 466 964 533 facturum
985 468 1132 549 arbitror,
1155 469 1182 535 si
1196 470 1236 535 de

135 578 199 645 fide
219 583 316 659 atque
330 576 521 642 auctoritate
541 576 749 657 epistularum
766 581 983 657 actorumque,
1008 595 1090 658 quae
1104 597 1123 642 a
1137 578 1234 661 scrip·
1271 587 1277 599 ·

136 685 257 752 toribus
285 684 440 750 historiae
467 684 634 765 Augustae
654 682 870 766 proferuntur,
900 686 1118 765 quaestionem
1146 685 1234 750 insti·

135 793 268 872 tuerim;
303 810 385 872 quae
415 791 580 872 quamsit
616 791 764 873 ambigua
788 797 820 857 et
841 793 994 873 impedita
1025 812 1088 857 non
1110 794 1235 860 nescius

135 899 279 981 quamvis
298 917 369 963 eam
391 915 522 978 prorsus
545 898 585 962 ad
600 898 754 978 liquidum
775 900 905 979 perduci
928 918 1100 981 omnesque
1122 900 1235 981 quibus

137 1007 284 1072 obstrusa
306 1006 348 1088 sit
368 1004 572 1072 difficultates
592 1005 653 1072 hac
678 1006 907 1088 dissertatione,
929 1009 1018 1073 cuius
1046 1009 1235 1091 particulam

135 1114 241 1195 offero,
264 1113 333 1178 tolli
366 1132 428 1178 non
470 1132 563 1194 posse
595 1113 693 1180 libere
727 1113 895 1194 confitear,
929 1134 991 1180 non
1021 1117 1146 1181 omnino
1187 1120 1235 1180 ta·

135 1240 208 1288 men
239 1222 344 1287 oleum
372 1225 406 1285 et
432 1238 562 1301 operam
590 1239 641 1284 mc
670 1221 846 1302 perdidIsse
872 1239 964 1304 spero
985 1227 1083 1302 atque
1104 1222 1234 1287 confido.
1315 1212 1317 1215 ’

134 1331 247 1411 Neque
278 1346 399 1409 vereor,
421 1349 463 1394 ne
487 1331 560 1410 quis
581 1347 632 1394 me
657 1330 724 1395 sine
747 1348 844 1395 causa
866 1334 963 1413 atque
986 1349 1025 1396 ex
1047 1347 1130 1395 vano
1162 1335 1235 1396 acta

138 1439 192 1503 illa
211 1439 441 1518 imperatorum
455 1437 527 1503 vitis
541 1438 643 1503 indita
667 1436 700 1501 in
715 1438 924 1519 suspicionem
942 1456 1056 1504 vocare
1069 1442 1235 1518 totamque

135 1546 353 1628 quaestionem
381 1545 471 1627 quasi
493 1543 700 1611 fundamento
728 1563 844 1627 carere,
878 1546 1015 1613 obiciat
1047 1547 1142 1611 Nam
1161 1565 1233 1613 cum

134 1654 198 1718 iam
216 1654 336 1718 liberae
355 1643 554 1733 reipublicae·
572 1654 767 1734 temporibus
789 1655 956 1722 historicos
977 1655 1072 1720 fuisse
1083 1656 1142 1756 'qui
1155 1656 1234 1720 talia

134 1760 291 1844 lingerent
310 1759 489 1842 falsamque
518 1779 608 1826 suam
630 1761 669 1826 de
690 1761 785 1828 rebus
805 1764 909 1843 gestis·
937 1763 1114 1846 opinionem
1144 1762 1233 1830 falsis

135 1869 324 1937 testimoniis
343 1871 479 1950 probare
498 1873 533 1934 et
555 1868 741 1934 confirmare
762 1870 938 1951 studerent,
958 1875 1069 1936 notum
1091 1875 1126 1937 et
1145 1870 1230 1954 apud

136 1995 245 2045 omnes
266 1978 490 2059 pervulgatum
505 1977 547 2043 sit
556 1976 582 2058 ¹)
603 1977 674 2057 quis
693 1981 742 2042 est
757 1977 812 2058 qui
832 1983 936 2058 neget,
956 1980 1023 2044 veri
1047 1996 1118 2044 esse
1137 1979 1235 2043 simil-

135 2087 247 2151 limum
271 2087 367 2151 etiam
389 2085 563 2152 Caesarum
590 2090 698 2151 aetate
726 2087 908 2166 scriptores,
942 2095 979 2153 ut
999 2088 1088 2152 miris
1107 2089 1235 2168 porten-

134 2196 274 2275 tosisque
296 2212 375 2275 quas
398 2194 529 2260 ederent
544 2193 667 2261 fabellis
690 2197 775 2277 apud
796 2197 929 2277 vulgum
952 2195 1047 2262 iidem
1067 2197 1232 2276 augerent,

135 2303 177 2369 ad
211 2304 344 2368 eandem
373 2303 529 2368 rationem
557 2303 757 2386 confugisse?
788 2304 906 2385 idquod
928 2307 1054 2369 tantum
1083 2302 1175 2369 abest
1199 2307 1237 2368 ut

141 2413 256 2477 mirum
279 2414 312 2478 et
330 2411 513 2478 incredibile
534 2429 603 2478 esse
623 2412 770 2479 videatur
791 2417 829 2478 ut
848 2413 895 2478 illi
915 2412 976 2493 ipsi
998 2411 1099 2478 aetati
1118 2411 1237 2493 optime
1342 2440 1345 2446 ·

137 2520 312 2585 conveniat
356 2518 425 2596 Quo
450 2520 534 2585 enim
557 2520 659 2601 magis
680 2521 744 2586 illis
768 2520 968 2601 temporibus·
984 2519 1150 2585 literarum
1164 2519 1236 2584 doc·

135 2627 301 2708 trinaeque
320 2627 460 2694 studium
483 2628 694 2695 evanescebat
714 2644 840 2707 quoque
860 2628 963 2708 magis
985 2627 1150 2691 rhetorum
1171 2625 1236 2690 dis·

134 2734 271 2818 ciplinae
292 2736 503 2816 tribuebatur,
527 2753 590 2816 qua
611 2735 757 2801 instructi
787 2739 885 2817 atque
913 2733 1053 2800 instituti
1089 2750 1160 2797 cum
1182 2731 1237 2797 alii

135 2844 306 2928 scriptores
320 2848 389 2910 tum
410 2843 552 2910 historici
566 2844 658 2910 nimis
687 2844 728 2908 ad
749 2844 888 2909 oratoria
906 2841 1031 2908 dicendi
1049 2844 1237 2906 ornamenta
1324 2849 1325 2854 ’

136 2954 290 3019 inclinare
312 2951 548 3034 studiosiusque
570 2939 694 3020 diee'ndi
725 2951 893 3018 artificium
926 2950 1100 3016 consectari
1129 2965 1239 3030 coepe·

135 3068 221 3142 murt,
244 3079 281 3127 eo
305 3062 409 3144 magis
431 3063 551 3129 veritas
573 3061 792 3129 delectationis
813 3061 971 3128 illecebris
990 3061 1103 3126 cedere
1133 3059 1237 3140 coepit

136 3173 233 3252 atque
248 3168 418 3234 abhorrere
434 3187 453 3234 a
467 3176 616 3253 corrupto
637 3171 801 3236 hominum
820 3169 934 3236 iudicio
949 3173 984 3235 et
996 3167 1235 3250 approbatione.

136 3279 204 3345 Iam
216 3277 363 3358 putidum
375 3282 409 3343 et
429 3279 596 3343 molestum
617 3296 687 3345 esse
706 3278 883 3356 videbatur,
903 3277 1086 3359 simpliciter
1100 3293 1139 3341 ao
1152 3273 1235 3338 nude

136 3386 255 3455 referre
274 3403 364 3468 quae
386 3389 478 3468 gesta
500 3391 609 3468 erant3
637 3391 764 3453 etcum
788 3388 821 3453 id
845 3385 1045 3468 potissimum
1066 3383 1236 3463 scriptores

138 3501 271 3580 agerent
297 3501 335 3562 ut
364 3495 450 3576 vulgi
485 3495 699 3562 assensionem
728 3494 946 3574 clamoresque
967 3495 1147 3573 captarent,
1174 3505 1236 3554 non

137 3611 205 3672 tam
218 3623 329 3671 verum
342 3622 439 3687 quam
454 3608 603 3684 argutum
627 3603 832 3669 sectabantur
853 3619 912 3667 nec
935 3605 1002 3665 tam
1021 3598 1063 3663 ad
1083 3596 1235 3662 historiae

136 3714 231 3781 fidem
264 3730 360 3795 quam
388 3715 429 3780 ad
452 3712 615 3778 hominum
648 3711 845 3778 voluntatem
866 3713 964 3790 atque
985 3706 1231 3773 oblectationem

242 3964 269 4033 1)
295 3958 413 4018 Praeter
425 3966 540 4018 'eeteros
560 3961 705 4017 nominare
727 3960 806 4015 iurat
824 3959 851 4015 0.
870 3956 1048 4014 Licinium
1071 3954 1237 4020 Macrum,

139 4061 250 4128 dequo
268 4059 364 4114 oonier
383 4074 454 4128 quae
470 4059 582 4115 notarit
607 4058 662 4112 Th.
680 4058 927 4119 Mommsenus:
965 4053 1131 4109 ‚mmmm
1148 4051 1238 4108 Chro-

138 4156 267 4229 nologier
286 4174 315 4228 p.
334 4157 369 4210 94
387 4171 462 4228 seqq.
482 4155 518 4227 (a.
540 4157 639 4245 1859),
1127 4176 1131 4187 ¹
