2820 4724
691 249 731 310 27

155 428 1256 512 sunt‚velntWaddingtonius¹tetErnestusRenan3quare

155 538 232 607 uiris
253 539 448 606 doctissimis
477 540 556 605 adeo
587 540 671 604 inter
701 559 734 605 se
767 539 1023 604 dissentientibus
1052 538 1256 605 vehementer

155 649 373 714 necessarium
392 666 461 714 esse
484 647 562 713 mihi
583 647 707 712 videtur
727 649 810 713 hanc
840 649 1056 727 quaestionem
1091 664 1255 728 recognos-

155 773 226 823 cere
247 761 283 821 et
312 758 499 822 retractare.
544 757 589 821 Ac
609 757 683 836 quia
709 755 771 821 illis
793 755 835 820 M.
860 755 1008 824 Antonini
1043 757 1188 838 epistulis
1214 757 1255 821 ad

154 865 345 931 Faustinam
361 867 401 930 et
420 865 551 931 invicem
576 864 659 930 datis
692 865 731 929 de
756 863 855 930 Cassii
882 865 1083 945 potissimum
1105 866 1256 932 seditione

154 973 338 1055 disputatur
358 973 460 1056 primo
487 990 545 1038 nos
573 974 752 1040 accuratius
774 977 957 1040 examinare
977 979 1111 1055 oportet,
1141 975 1256 1055 quide

155 1083 286 1164 reliquis
305 1083 489 1148 auctoribus
511 1081 551 1148 de
573 1083 684 1148 eadem
706 1101 739 1148 re
763 1087 849 1148 certo
871 1088 960 1149 const
979 1088 1001 1147 t.

253 1189 337 1256 Sunt
359 1195 468 1256 autem
491 1191 553 1257 duo
574 1191 774 1273 potissimum
811 1193 978 1274 scriptores
1008 1192 1053 1255 ad·
1070 1193 1154 1257 iliius
1176 1198 1255 1258 tem-

155 1299 242 1380 poris
263 1298 430 1365 historiam
449 1301 702 1380 'cognoscendam
723 1300 855 1365 maximi
888 1301 977 1366 nohis
999 1301 1163 1381 momenti,
1186 1303 1255 1366 Ma·

45 1412 50 1421 '
155 1408 223 1474 rius
244 1406 406 1472 Maximus
427 1410 461 1472 et
483 1408 610 1474 Cassius
633 1409 711 1489 Dio,
733 1426 868 1488 quorum
897 1410 981 1474 iilius
1005 1427 1084 1490 opus
1106 1409 1256 1492 Capitoh-

154 1534 232 1582 num
252 1519 287 1581 et
307 1517 525 1598 Lampridium
547 1519 579 1582 in
603 1522 775 1598 angustum
796 1518 935 1598 coegisse
957 1520 1020 1582 iam
1051 1536 1149 1598 supra
1181 1518 1254 1598 dixi,

151 1625 248 1691 huius
280 1625 419 1707 epitome
451 1625 693 1707 circumscripsit
730 1625 926 1708 Xiphilinus;
965 1631 998 1692 et
1030 1627 1179 1706 quoniam
1215 1628 1255 1692 de

154 1733 294 1800 Maximo
308 1751 391 1814 quae
406 1733 550 1814 iudicem,
564 1753 660 1816 supra
673 1736 827 1817 copiosius
839 1736 1007 1816 disputavi,
1022 1735 1156 1799 Dionem
1169 1753 1254 1816 vero,

154 1843 412 1924 eiusaequalem‚
435 1843 584 1908 historias
603 1862 674 1909 cum
694 1843 809 1923 prioris
821 1846 890 1907 tum
912 1843 959 1907 sui
983 1845 1133 1923 temporis
1145 1862 1256 1924 quarn·

153 1952 202 2017 vis
236 1970 299 2016 non
330 1969 462 2033 prorsus
494 1953 632 2034 perfecte
655 1958 688 2019 et
722 1953 877 2029 absolute,
910 1957 1016 2017 tamen
1038 1953 1184 2017 universe
1213 1954 1254 2017 ad

152 2079 262 2129 rerum
282 2059 376 2125 fidem
397 2061 629 2141 veritatemque
650 2060 871 2142 perscripsisse
893 2065 1003 2126 notum
1025 2065 1083 2141 est,
1106 2060 1164 2125 hoc
1187 2079 1253 2125 mo-

154 2187 231 2236 nere
255 2170 332 2234 satis
354 2187 423 2235 esse
457 2171 602 2249 arbitror,
627 2175 664 2234 ut
687 2171 739 2234 ubi
763 2169 922 2234 Maximus
949 2175 982 2235 et
1010 2170 1087 2250 Dio,
1120 2188 1254 2251 quornm

155 2282 292 2362 uterque
322 2279 410 2345 nulla
443 2278 576 2344 alterins
609 2281 730 2343 ratione
753 2279 862 2343 hahita
893 2279 989 2342 libros
1011 2279 1197 2360 composuit,
1222 2281 1255 2343 in

154 2386 267 2453 iisdem
288 2388 382 2454 rebus
403 2389 589 2454 enarrandis
619 2389 713 2468 plane
737 2389 821 2453 inter
843 2408 877 2454 se
908 2390 1107 2454 consentiant
1128 2394 1161 2453 et
1179 2406 1255 2453 con-

154 2496 290 2576 firment,
311 2497 350 2561 de
370 2515 478 2562 eorum
493 2495 555 2561 fide
576 2500 609 2561 et
630 2498 819 2563 auctoritate
841 2497 928 2562 nullo
948 2497 1039 2562 modo
1059 2499 1154 2562 liceat
1167 2496 1255 2562 dubi·

154 2610 234 2672 tare.
288 2606 348 2671 Dio
377 2606 484 2686 igitur,
524 2607 611 2671 cuius
655 2608 869 2672 narrationem
908 2608 1017 2686 paucis
1047 2623 1253 2685 exponamus,

155 2715 190 2780 L.
215 2715 295 2780 Vero
317 2721 443 2781 mortuo
473 2715 515 2779 M.
546 2715 741 2781 Antoninum
776 2718 817 2781 ad
841 2715 958 2779 bellum
990 2717 1102 2778 contra
1133 2713 1254 2779 Marco·

156 2841 288 2890 mannos
314 2828 347 2890 et
366 2825 502 2906 iazyges
524 2827 698 2906 gerendum
715 2826 746 2888 in
769 2825 966 2888 Pannoniam
985 2822 1162 2905 profectum
1185 2841 1254 2888 esse

154 2930 269 3012 reiert3
304 2933 358 2997 uhi
377 2951 450 2996 cum
478 2933 533 2998 diu
567 2935 694 3014 ancipiti
725 2932 831 2997 Marte
863 2931 1046 2996 dimicatum
1070 2938 1169 3010 esset,
1200 2950 1254 3013 po

154 3045 272 3106 stremo
296 3040 429 3106 victoria
450 3061 470 3106 a
487 3043 634 3106 Romanis
658 3043 821 3119 reportata
835 3040 1060 3119 imperatorem
1076 3039 1254 3104 Germanici

155 3150 252 3215 titulo
277 3167 349 3215 esse
375 3153 531 3213 ornatum.
576 3147 696 3212 Deinde
715 3152 893 3227 postquam,
927 3166 966 3212 ne
989 3150 1142 3230 temporis
1170 3150 1253 3215 ordi·

156 3275 228 3322 nem
249 3259 504 3337 interrumperet,
528 3257 727 3337 Bucolorum,
751 3274 829 3338 quos
844 3262 966 3338 vocant,
989 3262 1020 3322 et
1034 3261 1209 3323 tumultum
1222 3263 1256 3324 et

157 3365 280 3431 cladem
303 3368 476 3447 enarravit,
497 3353 679 3449 praedicare
700 3368 819 3448 pergit,
844 3385 940 3447 quam
962 3371 1126 3432 strenuum
1158 3372 1254 3450 atque

154 3476 316 3542 assiduum
338 3478 513 3557 imperator
536 3496 598 3542 non
616 3476 707 3543 modo
730 3476 860 3542 inbelle
881 3477 1018 3558 gerendo
1034 3476 1254 3541 verumetiam

155 3585 264 3651 eodem
297 3591 439 3668 tempore
462 3587 493 3649 in
516 3588 585 3653 iure
616 3587 747 3651 diceudo
770 3605 802 3652 se
835 3585 1027 3666 praebuerit.
1067 3585 1147 3648 Tum
1173 3603 1254 3650 novo

160 3693 242 3758 bello
265 3713 336 3759 cum
361 3693 479 3770 Quadis
500 3699 610 3757 exorto
633 3694 793 3758 Romanos
814 3692 959 3773 quamvis
995 3693 1083 3756 initio
1113 3693 1254 3759 obsessos

155 3805 253 3880 atque
266 3802 297 3866 in
317 3802 494 3867 maximum
507 3800 682 3882 periculum
700 3801 853 3867 adductos
868 3801 996 3866 tandem
1011 3801 1162 3866 miraculo
1178 3820 1253 3884 quo·

251 4044 277 4114 1)
304 4041 495 4112 Waddington
511 4043 542 4095 in
560 4042 684 4097 adnotat.
705 4043 741 4098 ad
764 4045 900 4115 Borghesi
929 4042 1050 4098 Oouvres
1069 4044 1087 4098 l.
1105 4044 1124 4099 i.
1143 4061 1172 4114 p.
1195 4045 1250 4100 457

151 4139 180 4192 et
197 4136 234 4192 ad
251 4137 341 4193 hobas
357 4134 555 4208 ‘inscriptions'
575 4155 602 4194 n.
620 4141 699 4194 2212.
