2820 4724
675 251 714 312 28

152 429 223 495 dam
243 448 313 497 esse
335 434 478 496 servatos
500 433 597 511 atque
618 431 725 496 hostes
747 431 788 496 ad
811 430 1056 496 internecionem
1089 431 1250 514 cecidisse3

154 556 248 619 quam
271 540 401 606 obrem
424 539 467 604 Μ.
493 539 686 604 Antoninum
715 558 734 604 a
757 539 909 604 militibus
942 540 1168 620 imperatorem
1191 541 1252 607 VH

152 648 392 731 pronuntiatum
413 646 576 714 confestim
599 649 730 713 titulum
758 649 941 728 suscepisse,
965 667 1007 713 ne
1027 654 1156 714 senatus
1177 669 1252 717 oon-

154 758 274 824 sultum
293 758 430 838 quidem,
462 761 500 821 ut
521 757 654 834 solebat,
677 761 854 839 oppertum.
899 757 988 822 Tunc
1010 757 1135 823 demum
1165 759 1252 826 venit

153 870 264 932 auctor
286 866 327 930 ad
350 865 448 932 Cassii
469 865 684 944 defectionem,
710 884 773 947 qua
795 870 957 948 comperta
980 864 1060 932 adeo
1081 868 1251 948 imperato·

155 993 220 1040 rem
238 973 442 1056 perterritum
459 992 528 1040 esse
543 973 640 1054 addit,
657 978 693 1039 ut
715 973 963 1040 Commodum
980 972 1112 1039 filium
1134 976 1252 1041 Roma

154 1083 201 1147 ad
223 1102 263 1148 se
286 1087 529 1149 arcesseret.

253 1193 322 1258 Hac
340 1192 451 1258 Dionis
463 1193 645 1258 narratione
670 1211 765 1273 quam
790 1192 1024 1259 evidentissime
1046 1197 1181 1275 apparet
1192 1193 1249 1257 im-

153 1305 342 1381 parciorem,
363 1317 420 1380 per
442 1304 544 1365 totum
567 1305 693 1382 tempus
716 1300 788 1365 inde
814 1319 833 1364 a
857 1307 961 1366 morte
981 1300 1090 1369 fratris
1111 1301 1143 1366 in
1168 1303 1251 1368 Pan-

153 1411 248 1474 nonia
282 1408 323 1473 ad
343 1409 466 1489 imperii
498 1407 576 1473 fines
599 1412 826 1474 commoratum
854 1427 934 1476 esse.
978 1410 1026 1476 Ibi
1051 1431 1072 1484 a
1096 1411 1251 1477 militibus
1363 1434 1365 1440 ¹

151 1507 379 1583 ‘Germanicus'
409 1518 451 1582 ibi
473 1510 657 1598 ‘imperator
678 1507 749 1582 V11³
776 1518 957 1600 appellatus
979 1525 1044 1600 est,
1076 1518 1191 1584 ibidem
1213 1537 1251 1585 eo

154 1627 352 1707 potissimum
369 1624 430 1691 fuit
450 1631 600 1708 tempore,
623 1644 685 1707 quo
709 1604 834 1692 Cassius
856 1627 1006 1693 descivit!
1050 1629 1097 1694 Ac
1117 1646 1157 1693 ne
1180 1626 1252 1706 quis

154 1734 236 1800 forte
257 1734 409 1816 Xiphilini
432 1734 649 1815 epitomatorls
671 1735 862 1816 negligentia
884 1735 942 1802 boc
965 1736 1033 1817 ipso
1054 1739 1121 1801 loco
1139 1737 1250 1801 Dionis

153 1843 250 1908 verba
272 1848 421 1926 corrupta
442 1849 540 1924 atque
562 1844 693 1910 confusa
725 1862 793 1910 esse
815 1845 938 1923 dixerit,
971 1864 1043 1911 cum
1075 1845 1095 1910 J
1101 1862 1251 1910 oannes

155 1951 444 2030 Antiochonus,
467 1971 560 2033 quem
583 1958 616 2019 et
636 1953 740 2035 ipsum
758 1953 891 2018 Dionem
908 1953 1100 2035 excerpsisse
1116 1957 1251 2034 constat,

154 2061 264 2127 iisdem
285 2060 351 2127 fere
375 2063 479 2127 verbis
501 2062 582 2128 illud
604 2060 701 2127 refert
711 2065 746 2142 ¹),
780 2067 850 2126 tum
872 2062 987 2143 integri
1012 2061 1121 2127 Dionis
1149 2064 1253 2144 operis

154 2191 236 2254 quae
270 2176 398 2238 exstant
432 2170 619 2255 fragmentis
654 2172 737 2238 idem
768 2172 1005 2253 comprobatur,
1042 2171 1156 2252 quibus
1189 2189 1253 2237 non

154 2281 246 2347 modo
261 2281 484 2363 imperatorem
509 2283 615 2363 ipsum
635 2281 751 2362 ubique
775 2300 845 2346 cum
869 2280 1013 2346 barbaris
1045 2280 1147 2360 egisse
1161 2282 1252 2360 patet

155 2389 327 2454 sedetiam
360 2408 433 2455 eum
462 2389 561 2456 Cassii
588 2388 762 2456 deiectione
795 2389 905 2454 audita
939 2390 1083 2469 quamvis
1117 2388 1251 2452 invitum

154 2517 226 2563 cum
252 2499 424 2581 Jazygibus
450 2518 559 2582 paoem
592 2498 703 2565 iecisse
729 2502 761 2562 et
793 2498 871 2564 adeo
904 2498 1065 2580 stupuisse
1096 2502 1133 2562 ut
1164 2497 1252 2580 pacis

155 2607 348 2674 conditiones
369 2607 410 2672 ad
432 2612 578 2674 senatum
600 2608 763 2672 mittere
788 2609 962 2690 negligeret
970 2610 1009 2690 ²).
1050 2605 1131 2683 Quin
1154 2606 1251 2670 otiam

154 2714 305 2780 seditione
325 2716 380 2781 illa
400 2717 512 2782 sedata
533 2717 635 2797 ipsum
656 2717 790 2781 Romam
812 2733 976 2780 reversum
997 2732 1027 2778 a.
1050 2717 1109 2778 176
1134 2714 1175 2778 ad
1196 2731 1251 2795 po·

154 2823 264 2904 pulum
286 2822 402 2890 dixisse
424 2824 483 2888 Dio
505 2824 612 2904 tradit,
637 2843 671 2889 se
703 2825 932 2907 permultos
963 2841 1087 2887 annos
1113 2820 1252 2904 peregri·

154 2934 266 2996 natum
287 2930 471 3015 abfuissei),
504 2950 542 2996 ex
565 2951 627 3013 quo
649 2933 828 3000 necessario
862 2932 1072 3013 colligendum
1095 2948 1166 2996 esse
1188 2930 1253 2996 exi-

266 3183 292 3250 1)
312 3183 347 3238 cf.
367 3183 441 3238 Dio.
461 3186 503 3248 71,
523 3201 547 3240 c.
568 3186 600 3238 12
633 3185 695 3239 »τοῦ
713 3184 745 3238 δὲ
766 3189 892 3238 Κασσίου
909 3179 978 3237 κατὰ
1001 3180 1050 3250 τὴν
1068 3185 1174 3250 Συρίαν
1191 3195 1256 3234 vcro·

155 3285 311 3350 τερίσαντος
328 3274 441 3351 σφόδρα
469 3274 856 3351 ἔκπλαγεὶςὸΜὰρκος
882 3277 942 3335 τὸν
971 3272 1170 3350 Κόμμοδον
1195 3270 1254 3326 τὸν

156 3372 233 3430 vibo
251 3377 286 3429 ἐκ
305 3375 361 3442 τῆς
378 3368 502 3446 Ῥώμης
522 3417 529 3430 .
550 3417 556 3430 .
576 3417 581 3429 .
602 3363 820 3448 μετεπέμψὶηοι
842 3391 905 3430 cum
924 3374 1036 3428 lohann.
1048 3367 1178 3424 Antioch.
1196 3364 1252 3435 (ed.

157 3471 283 3527 Mueller.
302 3471 333 3526 F.
350 3471 384 3525 H.
401 3471 433 3526 G.
452 3472 490 3525 IV
502 3471 555 3542 frg.
578 3467 841 3543 118);τοέιονμὲν
860 3462 909 3525 οὖν
927 3468 1006 3524 ἕνεκα
1028 3465 1147 3534 (scilicet
1167 3458 1256 3514 Cassii

156 3568 300 3623 seditionis
320 3567 413 3637 causa)
441 3562 621 3638 ὁΜάρκος
647 3566 705 3623 τὸν
730 3586 762 3621 τε
781 3560 978 3638 Κόμμοδον
996 3563 1033 3615 ἐκ
1060 3549 1255 3628 τῆςῬώμης

124 3735 126 3740 Ι
158 3664 396 3736 διεπέμψατο.

172 3754 176 3764 “
262 3762 289 3826 2)
314 3759 375 3813 Dio.
395 3760 412 3814 l.
432 3761 474 3824 71,
496 3761 540 3813 17:
575 3754 643 3813 οὕτω
667 3757 737 3829 πρὸς
761 3753 792 3810 τὰ
821 3751 991 3826 ἀγγελθέντα
1016 3744 1157 3820 ἐξεπλάγη,
1183 3745 1253 3805 ὥστε

157 3855 231 3926 μηδὲ
250 3856 448 3910 ἐπιστεῖλαι
467 3857 504 3924 τῷ
523 3856 655 3925 συνεδρίῳ
668 3853 715 3914 τὰς
727 3856 851 3924 αἱρέσεις,
865 3847 909 3922 ἐφ’
925 3844 968 3908 αἷς
984 3844 1074 3908 αὐτοῖς
1085 3841 1251 3918 ceratitim.

257 3952 284 4020 3)
303 3951 337 4007 ci.
356 3951 410 4005 Dio
428 3955 471 4016 71,
490 3953 532 4005 32.
564 3950 637 4005 Num
656 3968 690 4005 ex
712 3967 754 4014 eo,
781 3946 856 4017 quod
873 3945 994 4016 scriptor
1011 3945 1090 4000 addit
1115 3944 1251 4016 populum

157 4049 322 4120 imperatori
340 4065 369 4104 ae
395 4059 495 4109 malros
513 4069 601 4105 aanor
618 4047 827 4118 peregrinatum
845 4061 905 4100 osse
924 4042 1029 4098 dicenti
1057 4041 1252 4096 inclamavisee

156 4145 242 4213 ‘octo'‚
260 4147 448 4220 colligendum
466 4147 511 4217 sit,
528 4145 565 4200 M.
585 4142 757 4199 Antoninum
781 4158 832 4213 per
850 4144 916 4197 ooto
934 4155 1021 4197 annos
1039 4138 1188 4198 continuos
1211 4135 1249 4193 ad
