2820 4724
662 273 701 334 12

132 454 203 546 virle
227 471 266 518 ne
280 452 339 518 hac
353 452 386 517 in
405 473 440 520 re
459 451 579 519 frustra
598 453 788 521 laboremus.
816 453 900 519 Nam
922 455 969 520 illi
984 459 1113 521 tantum
1136 455 1230 526 abest
1257 445 1259 449 Α

134 568 171 628 ut
192 580 266 627 vere
282 563 505 628 historicorum
528 564 653 628 nomino
675 563 808 628 ornandi
828 564 892 629 sint
912 570 949 630 ut
970 582 1024 630 eos
1047 566 1157 632 scribis
1179 568 1230 632 vel

133 669 287 748 librariis,
322 673 374 752 qui
396 670 493 753 probe
514 669 624 737 officiis
654 673 720 737 suis
747 671 921 752 fungantur
942 674 1043 739 multo
1067 673 1231 741 inferiores

133 779 306 845 existimari
336 783 490 859 oporteat.
541 779 641 845 Nemo
672 781 800 862 ignorat
829 799 886 846 nec
915 782 1040 863 longius
1068 801 1227 864 exponere

134 905 212 970 opus
243 892 301 966 est,
334 887 426 951 tanta
456 885 599 952 socordia
631 905 669 953 ac
700 889 892 968 negligentia
923 890 996 954 illos
1030 907 1070 955 ex
1100 891 1232 957 diversis

133 995 274 1076 priorum
296 995 486 1076 scriptorum
509 995 594 1060 libris
613 997 840 1075 imperatorum
864 1000 947 1064 vitas
970 1000 1181 1082 composuisse
1194 1000 1230 1079 ¹),

134 1109 171 1169 nt
193 1121 233 1168 ne
253 1105 315 1186 ipsi
335 1104 461 1183 quidem
483 1104 651 1183 quaesibi
682 1104 800 1168 vellent
831 1104 1022 1171 intellexisse
1053 1108 1230 1187 videantur,

132 1211 248 1277 nedum
271 1212 449 1278 accuratius
471 1213 631 1277 hominum
653 1213 783 1277 consilia
805 1218 902 1293 atque
924 1220 1093 1280 eventuum
1117 1233 1230 1281 causas

31 1328 38 1339 '
133 1338 290 1401 exponere
324 1327 526 1401 conarentur3
562 1338 661 1401 quare
691 1321 718 1386 si
748 1326 856 1387 tamen
887 1324 1042 1388 rationem
1070 1324 1230 1404 quandam

134 1435 231 1510 atque
253 1430 417 1494 consilium
443 1430 474 1492 in
496 1448 606 1494 eorum
626 1431 700 1496 vitis
728 1431 887 1496 interdum
911 1432 1141 1509 observaveris,
1169 1432 1230 1498 hoc

133 1555 196 1602 non
226 1541 292 1601 tam
326 1538 464 1618 ipsorum
494 1554 592 1616 quam
621 1537 745 1601 illorum
781 1556 849 1603 esse
877 1542 984 1620 patet,
1019 1557 1099 1620 quos
1136 1541 1231 1605 duces

135 1646 358 1729 sequebantur,
382 1663 484 1725 neque
506 1646 601 1728 ipsos,
626 1647 805 1728 quippequi
829 1649 876 1713 sui
898 1649 974 1714 iuris
995 1667 1058 1713 non
1079 1650 1153 1726 sint,
1176 1649 1233 1714 sed

133 1757 211 1835 illos,
234 1757 266 1820 in
288 1773 422 1835 quorum
436 1760 598 1837 potestate
623 1773 676 1821 eos
700 1775 769 1822 esse
791 1760 924 1836 constat,
948 1758 980 1822 in
1003 1758 1054 1823 ius
1075 1758 1181 1823 vocari
1196 1776 1233 1823 ac

134 1865 243 1946 quaeri
264 1867 397 1946 oportet,
427 1883 509 1944 quae
532 1865 620 1930 libris
641 1863 764 1931 elllcere
784 1866 978 1931 intenderint
1006 1883 1153 1946 quaeque
1176 1885 1230 1931 va-

135 1974 261 2038 luerint.
297 1973 359 2038 Sed
379 1992 419 2037 ne
446 1975 479 2039 id
502 1973 629 2053 quidem
644 1974 739 2053 plane
761 1973 899 2054 expediri
921 1992 957 2038 ac
982 1974 1088 2054 pertici
1109 1979 1230 2054 potest:

136 2082 218 2146 Nam
231 2082 263 2144 in
284 2080 440 2144 nonnullis
453 2081 535 2158 vitis,
552 2079 640 2144 velut
659 2080 698 2144 iis
710 2097 789 2159 quas
802 2081 903 2145 Pollio
926 2084 959 2144 et
969 2082 1122 2162 Vopiscus
1133 2082 1232 2162 scrip-

135 2196 256 2269 serunt,
279 2189 356 2254 adeo
379 2190 575 2254 diversorum
597 2194 762 2254 auctorum
781 2191 978 2256 narrationes
992 2191 1229 2256 contaminatae

135 2318 173 2365 ac
195 2298 345 2366 confusae
366 2303 441 2364 sunt
455 2304 492 2363 ut
513 2316 615 2379 neque
635 2297 803 2365 manifesto
825 2299 1002 2364 discernere
1023 2299 1133 2380 possis,
1149 2317 1231 2380 quae

134 2409 302 2486 unicuique
325 2408 494 2473 tribuenda
527 2407 590 2472 sint
611 2426 715 2487 neque
742 2427 780 2472 ex
810 2407 954 2473 frustulis
980 2406 1231 2488 fragmentisque

135 2517 175 2582 ab
198 2517 308 2582 eodem
331 2521 460 2582 auctore
482 2517 590 2597 petitis
614 2517 769 2597 colligere,
792 2535 874 2597 quae
892 2519 960 2583 eius
983 2516 1078 2582 fuerit
1099 2516 1231 2582 ratioac

135 2627 293 2692 voluntas.
317 2625 406 2702 Quae
424 2625 455 2689 si
470 2627 515 2690 ita
538 2629 614 2689 sunt
634 2625 712 2689 nihil
734 2625 821 2689 aliud
841 2631 943 2691 restat
963 2627 1024 2690 uisi
1047 2625 1230 2706 utesingu·

135 2736 174 2801 lis
188 2735 292 2801 verbis
306 2735 533 2814 sententiisque
550 2735 761 2814 epistularum
780 2739 987 2812 actorumque
998 2731 1094 2798 fidem
1113 2732 1231 2798 exami-

135 2862 257 2921 nemus,
291 2845 323 2909 id
356 2843 440 2924 quod
464 2847 633 2924 propterea
663 2840 881 2907 difficillimum
906 2843 939 2904 et
970 2840 1107 2905 maxime
1136 2839 1234 2905 ambi·

135 2971 234 3034 guum
245 2971 315 3018 esse
337 2957 482 3032 apparet,
505 2951 589 3031 quod
603 2951 738 3015 aliorum
752 2953 1026 3014 monumentorum
1044 2948 1234 3014 testimoniis

136 3061 280 3126 destituti
306 3060 430 3143 saepius
455 3064 540 3125 certo
565 3058 704 3124 iudicare
730 3077 791 3122 non
823 3076 990 3141 possumus
1026 3060 1134 3121 utrum
1159 3062 1234 3137 apte

135 3171 168 3234 et
186 3185 260 3232 vere
278 3167 334 3230 illa
355 3167 439 3232 (licta
459 3167 524 3231 sint
537 3185 642 3231 necne.
668 3201 710 3215 -
730 3166 853 3231 Dixerit
868 3166 996 3246 quidem
1018 3164 1105 3231 haud
1128 3165 1234 3246 inepte

134 3276 300 3359 quispiam,
321 3276 387 3341 veri
406 3293 475 3341 esse
486 3276 689 3355 simillimum,
711 3276 881 3357 scriptores
901 3278 1036 3352 nostros,
1063 3291 1142 3355 quos
1160 3273 1233 3336 Dio-

136 3388 262 3454 cletiani
282 3392 315 3452 et
331 3386 530 3452 Constantini
548 3390 654 3451 aetate
674 3385 773 3450 luisse
795 3387 930 3464 constat,
952 3402 1015 3449 non
1025 3401 1156 3463 prorsus
1171 3379 1233 3445 evi-

136 3503 221 3562 tasse
242 3513 292 3573 ne,
314 3500 351 3559 ut
375 3495 407 3559 in
430 3495 497 3573 ipsa
517 3511 624 3558 rerum
648 3494 839 3568 narratione,
861 3491 906 3556 sic
930 3492 961 3554 in
983 3490 1084 3555 literis
1105 3489 1132 3553 si
1154 3505 1233 3567 quas

135 3603 310 3681 finxissent,
333 3603 399 3668 sive
420 3602 598 3683 ignorantia
616 3602 682 3666 sive
703 3600 897 3682 negligentia
920 3597 969 3663 sui
992 3596 1144 3678 temporis
1167 3612 1232 3660 mo·
1257 3606 1260 3613 '

136 3731 187 3778 res
212 3716 245 3777 et
266 3712 419 3790 instituta,
443 3728 525 3775 nova
551 3715 627 3775 tunc
638 3713 670 3773 et
681 3707 720 3772 ab
742 3707 882 3787 antiquis
903 3706 995 3786 longe
1018 3703 1233 3784 abhorrentia,

137 3824 349 3886 memorarent
379 3820 428 3883 vel
465 3817 695 3898 significarent,
740 3817 854 3898 quibus
892 3814 1032 3895 vestigiis
1069 3831 1234 3879 commune

139 3985 336 3993 w...-

238 4061 488 4131 moimmsen
518 4061 584 4115 »Die
604 4059 755 4130 scriptores
774 4056 908 4112 historiae
931 4056 1088 4128 Augustae«
1108 4058 1232 4130 (Lipsiae

138 4159 218 4230 1842)
235 4162 264 4214 et
283 4159 437 4214 Richter
455 4158 484 4213 in
501 4158 599 4213 Museo
618 4157 752 4213 Rhenano
770 4154 823 4210 VII
842 4172 869 4226 p.
891 4157 923 4210 16
943 4171 1003 4225 sqq.
