2820 4724
688 249 726 312 19

157 446 283 509 quoque
303 434 412 496 narret
433 428 468 508 (l.
493 433 542 510 73,
562 448 587 494 c.
612 427 653 513 2),
677 432 840 496 senatores
860 431 893 496 in
911 406 1069 497 mortuum
1082 432 1253 513 principem

155 543 232 603 tuuc
252 539 358 603 omnia
391 537 546 604 maledica
577 539 759 620 contulisse,
793 540 919 606 omnino
940 539 1018 603 nihil
1039 546 1104 620 est,
1138 559 1195 606 cur
1216 540 1255 605 de

157 642 217 711 lide
237 649 271 710 et
293 645 483 711 auctoritate
502 646 631 711 illarum
655 645 920 711 acclamationem
942 645 1128 711 dubitemus

256 752 319 819 Sed
338 754 487 835 quoniam
504 755 567 851 'hoc
587 772 686 818 unum
708 753 806 818 luisse
818 753 983 819 literarum
1004 761 1254 833 monumentum,

157 862 241 945 quod
261 861 429 942 scriptores
443 863 595 928 historiae
609 865 776 945 Augustae
797 881 817 926 a
838 862 939 927 Mario
958 863 1096 928 Maximo
1119 863 1253 928 mutuat'

157 975 271 1050 essent,
295 970 360 1035 iam
381 972 569 1054 supradixi,
592 974 632 1038 ad
664 973 744 1038 alias
765 971 875 1038 literas
900 975 1100 1038 transeamus
1127 990 1255 1039 necesse

157 1082 213 1156 est
239 1079 351 1159 quanti
376 1080 589 1147 aestimandae
618 1086 694 1147 suut
720 1080 940 1146 examinatori.
993 1079 1039 1144 Ac
1060 1081 1163 1161 primo
1186 1079 1254 1160 qui·

157 1187 228 1252 dem
260 1189 299 1253 de
329 1188 395 1253 vita
426 1188 561 1254 Avidii
592 1189 722 1256 Cassii
756 1210 774 1256 a
803 1188 952 1255 Vulcacio
985 1188 1150 1254 Gallicano
1179 1208 1209 1253 v.
1229 1207 1255 1253 c.

158 1296 277 1376 scripta
296 1297 503 1376 disseramus,
527 1315 591 1378 qua
612 1317 728 1380 magua
752 1299 950 1366 diversarum
974 1296 1180 1380 epistularum
1205 1314 1254 1362 co·

157 1403 209 1487 pia
231 1406 419 1472 continetur.
464 1405 639 1483 Quemnam
656 1408 845 1488 potissinum
869 1412 1030 1472 auctorem
1052 1407 1146 1472 huius
1170 1405 1255 1471 vitae

157 1514 292 1596 scriptor
313 1519 442 1581 secutus
465 1517 517 1596 sit,
541 1517 702 1582 nonsatis
725 1517 887 1581 evidenter
908 1517 1025 1599 liquet;
1048 1534 1122 1581 nam
1144 1533 1254 1598 quam·

158 1609 252 1704 quam
274 1622 412 1690 dubitari
433 1642 495 1688 non
517 1628 631 1704 potest,
653 1625 729 1704 quin
751 1630 783 1690 et
804 1626 871 1706 ipse
890 1623 984 1689 Marii
996 1623 1137 1701 Maximi,
1162 1639 1254 1702 quem

159 1730 278 1812 laudat,
294 1731 451 1798 historias
474 1743 590 1814 magna
604 1752 644 1797 ex
665 1739 758 1814 parte
781 1734 982 1814 excerpserit,
1006 1738 1112 1797 tamen
1134 1750 1174 1797 ne
1192 1732 1256 1814 epi·

159 1841 261 1908 stulas
288 1859 415 1923 quoque
440 1842 478 1906 de
507 1843 546 1908 iis
568 1843 770 1925 depromptas
797 1860 866 1908 esse
897 1842 1114 1908 existimemus
1138 1842 1189 1906 vel
1219 1858 1256 1906 eo

158 1949 354 2032 impedimur,
371 1952 455 2032 quod
470 1950 532 2017 illis
545 1952 622 2034 ipsis
639 1950 772 2018 refutari
789 1951 971 2018 Gallicanus
987 1950 1157 2027 contendit,
1175 1966 1257 2028 quae

158 2058 318 2125 Maximus
339 2059 378 2123 de
397 2058 551 2126 Faustina
574 2059 745 2126 Cassianae
766 2059 989 2126 coniurationis
1012 2058 1136 2124 conscia
1152 2056 1255 2140 prodi·

159 2168 248 2233 derit.
272 2167 402 2234 Rectius
414 2186 468 2234 eas
483 2168 591 2234 deberi
604 2169 769 2249 opinemur
783 2170 836 2233 Ae
846 2170 953 2234 milio
967 2167 1217 2233 Parthenien
1227 2183 1256 2230 o.
1278 2183 1282 2193 ·

160 2272 313 2352 Quicum
335 2276 488 2360 singulari
509 2275 589 2341 libro
612 2275 842 2344 »adfectatores
860 2277 1037 2358 tyrannidis
1057 2277 1120 2341 iam
1143 2276 1256 2341 iudea

158 2386 337 2450 veteribus«
355 2386 505 2451 historiae
519 2385 703 2452 tradidisset
717 2386 824 2469 (cdv.
839 2385 872 2452 C.
890 2405 916 2450 c.
928 2388 960 2468 ὅ)
977 2405 1040 2452 nou
1051 2386 1144 2451 modo
1156 2384 1256 2451 multo

158 2495 337 2560 accuratius
355 2499 388 2559 et
404 2495 566 2560 verbosius
582 2513 678 2575 quam
691 2496 851 2561 Maximus
872 2513 1079 2576 quaecunque
1099 2495 1140 2559 ad
1153 2493 1255 2560 Cassii

46 2643 58 2671 0
158 2602 259 2668 vitam
291 2604 451 2686 privatam
484 2604 679 2684 pertinerent
712 2623 876 2672 enarrasse
914 2606 1075 2688 putandus
1109 2609 1167 2684 est,
1200 2603 1255 2669 sed

157 2712 254 2778 etiam
277 2731 350 2778 eum
370 2730 481 2778 revera
502 2714 654 2795 epistulas
672 2715 841 2794 protulisse
857 2714 942 2778 haud
964 2717 1082 2778 temere
1103 2711 1176 2776 inde
1192 2713 1255 2777 col·

160 2819 216 2901 ligi
240 2822 353 2901 potest,
379 2819 463 2899 quod
491 2819 673 2885 Gallicanus
704 2819 757 2884 ubi
778 2817 1100 2884 Parthenianum
1129 2823 1257 2884 secutus

160 2928 199 2994 dc
221 2930 446 2993 severitate
470 2927 569 2995 Cassii
591 2929 740 2993 disseruit
769 2928 808 2992 de
832 2929 890 2992 hoc
910 2928 979 3009 ipso
1002 2928 1171 3009 epistulam
1192 2929 1257 2993 divi

160 3036 261 3103 Marci
273 3036 374 3103 Cassii
391 3036 653 3102 severitatem
671 3054 709 3101 ac
722 3037 918 3117 disciplinam
933 3036 1145 3113 praedicantis
1155 3035 1256 3100 affert.

160 3181 202 3191 -
226 3145 289 3211 Sed
321 3150 481 3226 utcunque
515 3145 593 3209 haec
616 3162 666 3209 res
688 3163 722 3210 se
753 3144 862 3221 habet,
895 3145 1043 3224 quoniam
1065 3145 1104 3209 de
1125 3144 1259 3211 Parthe-

161 3256 254 3320 nianu
278 3254 458 3336 ceteroquin
481 3253 559 3317 nihil
581 3256 714 3332 constat,
750 3252 836 3333 ipsas
858 3253 970 3318 literas
994 3271 1091 3332 quam
1127 3252 1256 3335 diligen-

160 3363 282 3429 tissime
313 3363 488 3427 examinari
520 3364 655 3442 oportet,
682 3366 718 3426 ut
749 3361 922 3428 diiudicare
952 3360 1120 3443 possimus,
1149 3365 1257 3427 utrum
1342 3401 1344 3404 <

161 3472 318 3553 genuinae
340 3471 404 3537 sint
423 3490 465 3536 an
485 3470 587 3536 fictae.

264 3578 369 3658 Atque
392 3580 500 3645 statim
533 3580 634 3662 primo
657 3581 747 3660 quasi
780 3580 894 3645 obtutu
915 3579 946 3643 in
974 3579 1077 3661 prima
1106 3577 1142 3644 L.
1164 3577 1260 3644 Veri

160 3688 359 3770 imperatoris
374 3689 549 3770 epistula
564 3689 767 3755 vehementer
778 3686 972 3753 offendimur.
983 3687 1066 3752 Nam
1075 3705 1147 3752 cum
1156 3688 1259 3754 Verus

164 3941 233 3993 1868
250 3955 278 4007 p.
298 3941 333 3992 77
351 3957 390 4008 sq.
415 3970 438 3978 -
464 3938 549 3993 Aliud
567 3938 725 4008 exemplum
744 3940 879 3995 exhibent
906 3938 1131 4005 acclamationes,
1159 3940 1261 4007 quibus

161 4040 305 4090 senatores
323 4034 353 4088 in
370 4034 540 4104 publicando
559 4035 684 4089 codice
702 4034 958 4090 Theodosiano
977 4035 1021 4089 usi
1034 4036 1109 4089 aunt.
1146 4035 1180 4088 cl.
1194 4034 1259 4090 Ood.

163 4131 270 4187 Theod.
291 4130 343 4203 (ed.
361 4130 479 4201 Haenel)
496 4130 518 4186 1.
537 4148 563 4201 p.
584 4133 626 4184 82.
