2820 4724
734 242 774 302 24

308 424 376 490 Hoc
398 423 464 491 iere
486 424 578 489 modo
611 424 807 504 scriptorem,
837 440 931 503 quem
965 423 1147 491 Gallicanus
1178 430 1306 491 secutus

209 535 267 612 est,
290 533 396 598 Avidii
417 536 566 599 naturam
590 549 757 611 moresque
779 532 982 613 descripsisse
1005 534 1134 615 eiusque
1158 533 1305 602 defectio·

208 659 280 706 nem
302 659 471 706 excusasse
491 661 508 706 e
529 659 629 722 prava
650 657 775 720 quoque
806 640 891 706 illius
922 641 1059 722 epitome
1082 642 1159 707 satis
1192 643 1306 708 intelli·

208 752 304 832 gitur.
327 751 392 815 Nec
412 754 519 814 tamen
535 749 671 815 dubitari
688 752 801 830 potest,
818 750 894 828 quin
909 767 991 831 quae
1006 749 1091 831 apud
1106 750 1306 817 Gallicanum

208 859 348 923 breviter
365 861 491 923 tantum
523 858 720 938 strictimque
754 862 787 923 et
806 858 901 924 nimis
926 859 1059 924 obscure
1090 857 1307 940 significantur

207 968 254 1031 ita
275 971 311 1032 ut
331 984 441 1031 verum
466 965 629 1030 consilium
655 966 874 1045 rationemque
907 965 960 1030 vix
981 984 1169 1048 cognoscere
1196 969 1305 1050 possis,

208 1092 246 1140 ea
270 1075 356 1154 apud
378 1079 539 1139 auctorem
568 1073 634 1139 eius
659 1074 759 1138 multo
779 1073 941 1138 verbosius
964 1075 1182 1155 copiosiusque
1213 1095 1307 1159 expo·

208 1185 269 1250 sita
288 1186 386 1263 atque
407 1188 561 1248 exornata
583 1183 656 1248 sint.
689 1183 775 1247 Num
797 1183 901 1247 omnia
920 1183 961 1247 ad
982 1184 1149 1249 veritatem
1164 1184 1305 1265 referret,

209 1291 262 1358 ille
282 1290 350 1356 fere
364 1291 444 1356 nihil
461 1292 624 1358 curavisse
644 1291 784 1372 ridetur3
807 1290 839 1356 id
858 1292 934 1372 egit,
954 1296 992 1356 ut
1011 1293 1305 1372 magnanimitatem

209 1401 278 1481 riri,
312 1400 351 1464 de
378 1418 441 1481 quo
465 1401 623 1480 narravit,
650 1418 745 1480 quam
777 1402 915 1467 maxime
936 1400 1122 1466 illustrando
1151 1405 1185 1466 et
1206 1403 1306 1468 extol·

207 1509 301 1575 leudo
324 1509 496 1590 legentium
521 1509 643 1574 animos
664 1509 808 1574 alliceret
840 1514 936 1589 atque
959 1513 1116 1590 moreret3
1149 1528 1249 1590 quare
1269 1514 1306 1574 ut

208 1617 263 1683 ille
275 1634 376 1697 neque
388 1617 442 1680 vili
463 1618 635 1682 ambitione
653 1618 805 1682 incitatus
818 1635 920 1698 neque
932 1637 952 1683 a
964 1618 1118 1683 Faustina
1135 1618 1301 1699 adductus,

207 1725 369 1807 sedgquasi
390 1724 482 1789 insito
500 1729 597 1804 atque
618 1726 726 1789 innato
752 1724 907 1791 libertatis
923 1725 1078 1791 desiderio
1092 1726 1309 1792 inflammatus

207 1833 392 1899 seditionem
414 1833 550 1898 movisse
565 1834 736 1914 videretur,
752 1835 849 1899 etiam
866 1834 929 1914 illa,
951 1834 991 1900 de
1003 1852 1068 1914 qua
1078 1835 1220 1913 disserui,
1241 1835 1305 1916 epi-

208 1944 293 2010 stula
315 1943 418 2023 ipsum
442 1943 667 2022 imperatorem
690 1947 869 2008 monentem
893 1942 977 2024 fecit,
1004 1943 1150 2008 Avidium
1172 1944 1236 2008 iarn
1250 1942 1308 2009 Pio

206 2052 383 2134 imperante
405 2050 549 2117 omnibns
571 2051 694 2131 imperii
717 2051 899 2133 cupiditatis
921 2055 1104 2134 suspectum
1125 2051 1232 2119 fulsse.

308 2163 350 2227 M.
373 2162 565 2228 Antonini
601 2163 865 2243 rescriptum,
899 2162 983 2241 quod
1011 2162 1167 2242 sequitur,
1198 2180 1307 2244 quam-

208 2290 306 2355 quam
328 2288 399 2337 oum
420 2271 456 2336 L.
468 2271 544 2336 Veri
565 2270 701 2351 epistula
725 2273 792 2335 tarn
814 2273 902 2335 arcte
926 2269 1105 2351 cohaerere,
1127 2276 1164 2338 ut
1180 2271 1207 2338 si
1227 2269 1308 2336 hanc

208 2381 314 2446 fictam
340 2397 411 2445 esse
432 2383 565 2457 constat,
586 2379 691 2461 ipsum
716 2396 843 2461 qunque
864 2379 1115 2443 commenticium
1136 2380 1310 2445 habeamus

207 2478 334 2555 necesse
353 2490 404 2567 sit,
433 2488 497 2552 iarn
517 2506 615 2569 supra
636 2487 712 2565 dixi,
738 2491 845 2552 tamen
870 2487 993 2570 singula
1013 2488 1161 2570 persequi
1191 2505 1309 2568 nequa·

208 2615 304 2678 quam
332 2614 603 2677 supervacaneum
633 2612 701 2660 esse
734 2596 880 2661 arbitror.
915 2633 955 2643 -
983 2596 1176 2676 Repudiavit
1191 2589 1193 2595 '
1207 2596 1307 2676 igitur

208 2706 251 2772 M.
265 2704 443 2770 Antoninus
465 2723 590 2770 summa
612 2708 761 2785 quaerat
782 2704 879 2768 animi
900 2705 1132 2786 tranquillitate
1153 2703 1309 2771 monentis

209 2814 306 2879 verba
338 2819 434 2894 atque
456 2813 595 2893 consilia,
622 2811 736 2895 quibus
759 2829 882 2877 morem
903 2830 1015 2895 gerere
1039 2831 1096 2880 nec
1124 2816 1232 2895 posset
1252 2829 1310 2878 nec

209 2924 321 3004 vellet;
351 2927 383 2988 et
408 2923 491 3004 quod
510 2923 563 2987 ille
584 2941 623 2988 ne
644 2920 753 2987 liberis
774 2922 840 2988 suis
869 2922 952 2986 male
974 2922 1166 3002 consuleret,
1200 2922 1308 2987 admo·

207 3037 331 3112 nuerat,
351 3031 409 3112 hic,
425 3036 462 3097 ut
476 3033 611 3113 scriptor
632 3032 720 3114 ponit
743 3031 849 3111 verba,
872 3030 1008 3096 addidit:
1030 3028 1135 3113 ‘plane
1145 3030 1237 3096 liberi
1248 3030 1311 3096 mei

206 3144 348 3223 pereant,
358 3142 387 3206 sl
399 3142 499 3222 magis
511 3142 614 3206 amari
626 3139 937 3207 merebiturAridins
948 3159 1043 3222 quam
1054 3130 1146 3205 illi'e.
1155 3156 1216 3219 qs.
1227 3138 1310 3203 Mira

207 3248 343 3315 fortasse
364 3251 443 3316 haec
463 3250 556 3315 alicui
571 3251 738 3315 videantur
759 3255 793 3315 et
808 3250 944 3315 rhetoris
968 3250 1080 3329 magis,
1096 3248 1149 3328 qui
1172 3265 1311 3328 aequum

209 3358 253 3423 M.
276 3358 425 3424 Antonini
456 3359 597 3423 animum
624 3358 715 3422 nimis
734 3361 853 3439 augeat
881 3363 914 3424 et
937 3360 1077 3433 exornet,
1096 3373 1191 3437 quam
1206 3355 1311 3436 ipsius

208 3467 407 3549 imperatoris
438 3467 493 3545 qni
524 3465 697 3531 liberorum
720 3482 849 3532 suorum
881 3466 1017 3530 salutem
1053 3462 1219 3542 respiciat3
1251 3461 1310 3526 sed

209 3581 318 3641 tamen
348 3575 423 3655 quia
452 3573 567 3639 similia
599 3592 672 3638 eum
702 3573 742 3638 ad
775 3573 950 3638 exercitum
983 3572 1124 3636 locutum
1157 3585 1227 3639 esse
1248 3567 1309 3633 Dio

211 3701 336 3764 quoque
369 3685 507 3749 testatur
517 3682 539 3764 ¹)
574 3700 634 3746 non
665 3687 714 3748 est
750 3700 806 3747 cur
838 3683 869 3745 in
892 3680 957 3745 illis
988 3676 1136 3745 offendas.
1179 3677 1310 3744 Rectius

311 3948 337 4015 i)
356 3945 410 4000 Dio
428 3948 472 4012 71,
491 3948 535 4010 24,
554 3948 584 3999 4:
602 3944 692 4013 ἡδέως
710 3940 747 4000 ἄν
764 3942 854 4017 ἀμαχὶ
872 3936 1055 4014 παρεχώρησα
1073 3938 1147 4013 αὐτῷ
1164 3943 1235 4013 (scil.
1249 3943 1312 3999 Oas-

208 4041 262 4111 sio)
278 4042 325 4110 τῆς
332 4039 490 4114 ἡγεμονίας,
502 4045 526 4096 εἰ
544 4043 622 4096 τοῦτο
639 4043 678 4111 τῷ
695 4042 778 4111 κοινῷ
796 4042 952 4112 συμφέρειν
969 4032 1068 4126 rddere,
1087 4056 1111 4095 e.
1126 4057 1151 4109 q.
1166 4056 1188 4094 s.
1207 4039 1311 4095 Utrum

208 4154 240 4193 re
255 4153 323 4194 vera
340 4137 407 4193 haec
425 4139 579 4208 imperator
596 4137 700 4193 dixerit
717 4154 753 4192 an
765 4135 818 4191 Dio
836 4135 995 4192 contionem
1014 4134 1136 4203 finxerit,
1155 4152 1212 4200 nen
1238 4135 1310 4192 satis
