2820 4724
661 247 702 307 42

133 433 304 513 quentatou
329 429 502 508 imperator
532 425 691 508 praelecto
721 426 903 508 probavisse
933 426 1063 506 dicitur,
1098 428 1239 496 »milites

133 539 200 622 regi
221 556 283 602 non
303 555 406 618 posse,
431 536 488 602 nisi
510 541 618 602 vetere
640 535 834 617 disciplina«

230 648 352 725 Restat,
375 650 412 712 ut
444 645 483 710 de
507 645 645 710 Avidii
677 643 808 710 Cassii
828 646 877 710 ad
901 663 1093 728 generum
1119 665 1231 712 suum

132 755 234 821 literis
263 755 306 837 (v.
328 756 386 819 Αν.
409 753 447 818 G.
469 772 495 818 c.
521 757 572 834 ld)
604 753 806 832 disseramus,
841 772 933 835 quas,
954 757 1005 819 vel
1035 760 1166 838 propter
1196 772 1235 821 ee

133 868 298 946 suspectas
325 881 403 941 esse,
429 863 513 945 quod
547 867 669 929 ceteras
698 881 806 928 omnes
840 861 995 944 epistulas
1016 864 1128 934 eidem
1149 864 1234 929 vitae

132 973 269 1038 insertus
288 969 386 1037 falsas
408 989 478 1037 esse
500 972 796 1052 demonstrauimus,
823 989 925 1051 nemo,
947 973 1068 1055 opinor,
1099 988 1233 1054 negare·

133 1081 185 1146 rit.
230 1079 292 1146 Sed
313 1098 375 1145 non
396 1080 510 1146 desunt
532 1079 718 1163 gravissima
751 1085 950 1161 argumenta,
976 1081 1099 1160 -quibus
1122 1096 1238 1146 revera·

132 1207 186 1255 ees
210 1189 447 1256 commenticias
468 1207 538 1255 csse
558 1187 720 1253 evidenter
740 1189 938 1268 comprobari
957 1190 1067 1271 possit.
1111 1190 1157 1255 hc
1170 1187 1233 1269 pri·

131 1314 219 1362 mum
241 1314 311 1363 moa
341 1296 468 1375 quidem
497 1295 655 1360 sententia
677 1313 717 1358 ex
738 1295 809 1377 ipsa
830 1313 936 1360 rerum
970 1296 1077 1378 inopie
1106 1314 1144 1362 ee
1165 1313 1233 1362 ver·

132 1405 244 1471 borum
267 1405 372 1471 sonitu
394 1403 480 1469 inani
505 1403 652 1484 colligere
675 1403 750 1469 licet
770 1421 832 1469 non
856 1406 923 1467 tarn
946 1404 1034 1469 ducis
1054 1403 1141 1469 illius
1163 1422 1233 1471 esse

133 1514 301 1595 epistulam
323 1531 418 1594 quam
440 1513 577 1578 rhetoris
599 1511 775 1578 cuiusdam.
819 1513 900 1577 Nam
923 1513 956 1577 in
977 1516 1101 1579 secreta
1129 1511 1243 1580 ecla-1

133 1623 245 1688 miliari
267 1623 413 1703 epistula,
426 1639 532 1702 ouem
556 1621 660 1688 nescio
682 1621 765 1686 unde
788 1622 922 1704 scriptor
942 1621 1183 1702 deprompserit,
1206 1622 1233 1687 si

134 1729 265 1807 Gessius.
291 1731 458 1795 derorum
485 1734 574 1796 stetu
595 1748 632 1795 ac
665 1729 846 1795 condicione
873 1733 907 1794 et
928 1730 968 1794 de
990 1735 1107 1794 nature
1139 1729 1232 1796 mori·

132 1841 253 1918 busque
275 1839 476 1920 imperatoris
498 1841 622 1920 egisset,
644 1858 706 1904 non
727 1838 857 1905 dubium
880 1841 939 1917 est,
960 1839 1037 1920 quin
1060 1855 1142 1918 quee
1170 1838 1233 1905 vel·
1305 1833 1311 1838 ’

90 1999 94 2006 ,
131 1950 178 2013 let
200 1953 297 2029 atque
317 1948 450 2014 sentiret
479 1949 575 2014 libere
596 1949 796 2029 expositurus
825 1954 922 2027 etque
944 1948 983 2013 de
1004 1948 1069 2013 suis
1099 1947 1234 2013 consiliis

133 2057 355 2138 seditionisque
378 2076 525 2123 successu
547 2058 597 2121 vel
618 2057 688 2122 aliis
709 2058 804 2123 rebus
825 2058 954 2122 maximi
969 2056 1119 2121 momenti
1143 2074 1234 2122 accu-

132 2167 233 2233 ratius
257 2166 477 2246 disputaturus
502 2163 609 2231 fuerit.
654 2166 698 2232 At
728 2167 759 2231 in
794 2166 856 2232 isto
891 2167 1058 2231 literarum
1087 2165 1233 2245 exemplo

133 2276 211 2341 nihil
232 2274 299 2341 fere
320 2277 387 2341 tale
410 2277 538 2356 legitur,
563 2295 603 2341 ex
625 2293 687 2356 quo
710 2294 773 2342 non
803 2275 896 2341 modo
918 2274 996 2340 nihil
1017 2274 1092 2339 novi
1113 2273 1164 2338 vel
1184 2291 1236 2338 ee·

132 2387 210 2452 culti
243 2387 282 2451 de
306 2385 407 2455 Cassii
432 2386 596 2452 voluntate
630 2386 815 2468 donatisque
847 2386 1016 2465 discimus,
1052 2385 1108 2451 sed
1133 2403 1173 2450 ne
1203 2385 1235 2450 id

133 2495 270 2574 quidem,
294 2495 377 2575 quod
400 2495 535 2576 scriptor
569 2495 759 2576 testatur1),
791 2495 932 2562 conicere
951 2513 1127 2576 possumus,
1160 2497 1236 2564 tnnc

131 2604 196 2668 iam
229 2620 302 2668 eum
321 2603 513 2673 amilitibus
543 2604 771 2686 imperatorem
794 2605 989 2684 appellatum
1012 2621 1081 2670 esse
1103 2621 1140 2668 ac
1163 2620 1234 2668 oon·

131 2716 184 2777 tra
205 2713 399 2777 Antoninum
422 2729 512 2777 erma
543 2712 686 2777 movisse.
733 2711 821 2788 Quae
844 2730 919 2777 vero
941 2711 980 2778 de
1004 2712 1145 2778 moribus
1167 2728 1235 2777 cor-

103 2903 106 2909 ,
132 2821 236 2900 ruptis
257 2824 289 2885 et
314 2818 353 2883 de
374 2820 555 2899 praesidum
579 2819 716 2884 avaritia
739 2837 776 2885 ec
804 2819 978 2900 cupiditate
1010 2820 1158 2886 universe
1180 2820 1233 2885 de·
1329 2875 1334 2884 .

132 2929 320 3006 clamentur,
344 2926 422 2993 adeo
441 2926 546 2994 futilia
568 2947 604 2994 ac
620 2930 791 2995 decantata
804 2932 888 3009 sunt,
911 2933 948 2994 ut
962 2928 1056 3009 plene
1069 2929 1233 2995 rhetorum

133 3035 290 3102 officinam
319 3037 493 3119 redoleant,
521 3055 657 3118 quorum
678 3038 842 3121 proprium
875 3044 955 3119 eret,
979 3056 1049 3103 cum
1072 3042 1106 3102 et
1127 3053 1235 3102 rerum

94 3133 96 3137 ’
133 3150 166 3212 et
187 3164 394 3226 personarum
422 3165 536 3226 parum
558 3145 691 3212 notitiae
711 3145 762 3212 vel
787 3146 921 3213 rationis
950 3147 1120 3226 haberent,
1150 3145 1236 3212 locos

133 3272 313 3320 communes
334 3255 462 3320 volvere
490 3260 586 3335 atque
615 3253 763 3335 vulgares
797 3255 969 3338 inanesque
991 3253 1241 3320 declamationes.

132 3364 293 3431 conficere.
337 3363 536 3430 Manifestius
558 3369 666 3429 temen
700 3366 731 3429 in
754 3365 918 3431 mendacio
945 3363 1094 3428 falsarius
1120 3361 1229 3442 depre-

132 3473 290 3550 henditur,
317 3489 388 3536 cum
417 3471 496 3536 haec
518 3472 625 3551 uerba,
654 3490 735 3554 quae
757 3490 881 3553 ponem,
907 3469 1051 3536 Gessium
1073 3466 1232 3548 scripsisse

131 3579 236 3661 lingit:
271 3581 356 3662 »Ego
380 3596 455 3645 vero
479 3578 549 3644 istis
572 3578 770 3658 praesidibus
791 3577 1025 3660 provinciarum
1051 3609 1089 3620 -
1112 3591 1153 3637 an
1174 3590 1233 3656 ego

130 3689 398 3771 proconsules
430 3706 471 3752 an
503 3705 560 3770 ego
592 3689 761 3770 praesides
787 3691 911 3767 putem,
948 3684 1001 3764 qui
1022 3682 1061 3748 ob
1083 3682 1141 3748 hoc
1171 3682 1232 3748 sibi

132 3800 324 3866 asenatu
349 3801 381 3863 et
413 3798 453 3863 ab
481 3795 642 3862 Antonino
676 3794 856 3877 provincias
888 3795 981 3860 detes
1013 3791 1161 3874 credunt,
1196 3795 1232 3899 ut

234 4040 259 4105 1)
278 4037 311 4092 el.
327 4037 394 4102 14‚·1
416 4036 525 4093 rexstet
535 4033 656 4104 epistula
673 4032 733 4087 eius
753 4030 823 4100 (soil.
835 4029 934 4101 Cassii)
951 4029 987 4085 ed
997 4044 1133 4102 generum
1149 4046 1232 4085 auum

131 4135 197 4190 iam
221 4131 483 4204 imperatoria«
581 4188 585 4194 ⁸
608 4174 632 4189 .,
