2820 4724
745 270 786 333 20

218 452 260 518 ad
272 450 315 515 M.
325 449 519 515 Antoninum
542 448 664 515 scribit:
686 448 835 514 »Avidius
848 449 1204 533 Cassius...subjavo
1219 470 1315 535 meo,

218 563 334 640 patre
355 563 426 622 tuo
446 558 598 622 innotuit«
615 605 674 635 ...‚
690 556 784 640 plane
805 558 941 640 ineptire
963 558 1013 624 vel
1025 558 1162 625 insanire
1180 560 1315 626 videtur.

220 666 302 744 Quid
326 669 433 734 enim?
455 685 556 733 nonne
579 668 606 732 si
620 667 719 733 Marci
743 656 984 749 patrem'suum
1005 677 1100 733 avum
1120 667 1219 733 fuisse
1242 669 1317 735 dicit

219 795 253 842 se
274 778 379 858 ipsum
401 776 501 842 Marci
521 775 621 841 filium
641 775 739 841 fuisse
761 794 889 842 necesse
902 760 977 842 est?
1010 777 1109 856 Atqui
1131 777 1315 843 certissimis

218 885 407 952 testimoniis
421 889 546 952 constat
558 890 590 949 et
603 885 745 950 omnibus
761 887 964 966 exploratum
982 890 1040 964 est,
1053 903 1116 950 non
1128 883 1235 968 filium!
1245 903 1317 950 eum

218 993 315 1061 luisse
346 993 446 1058 Marci
468 994 525 1059 sed
547 993 688 1072 fratrem,
723 1013 787 1060 non
808 1001 955 1074 nepotem
989 994 1140 1059 Antonini
1164 993 1223 1073 Pii,
1247 993 1318 1060 -sed

218 1101 327 1182 filium,
350 1103 382 1167 id
405 1103 488 1184 quod
510 1120 573 1168 non
593 1104 695 1168 solum
717 1103 857 1168 historici
888 1103 986 1168 veluti
1019 1101 1186 1168 Cassius
1210 1101 1316 1184 Dio¹)

219 1217 252 1276 et
285 1213 339 1276 alii
366 1231 476 1278 eorum
507 1211 657 1291 aequales
692 1211 874 1291 scriptores,
909 1211 997 1275 velut
1035 1210 1246 1294 Galenus2)
1286 1215 1318 1275 et

219 1321 492 1387 iurisconsult
503 1322 523 1398 i,
546 1320 601 1401 qui
616 1320 702 1401 leges
719 1336 754 1383 ac
768 1320 1007 1384 constitutiones
1021 1313 1224 1384 »divorum
1244 1318 1318 1385 fra·

219 1431 344 1492 trum«
369 1428 544 1493 sexcenties
576 1431 823 1492 commemorant
832 1429 869 1507 ³),
893 1428 1061 1505 testantur,
1088 1427 1318 1492 verumetiam

220 1535 362 1617 lapidum
392 1537 614 1616 inscriptiones
624 1534 649 1617 4)
680 1539 713 1600 ct
737 1535 878 1615 ipsorum
906 1536 1133 1615 imperatorum
1164 1535 1319 1616 epistulae

221 1643 261 1708 ad
282 1643 475 1710 Frontonem
498 1646 610 1708 missae
621 1645 646 1724 5)
676 1641 871 1707 confirmant.
915 1642 1012 1724 Ergo,
1036 1643 1110 1723 quia
1133 1644 1216 1724 quod
1250 1641 1320 1708 Ga·

220 1753 425 1835 redonioil
459 1753 491 1818 in
514 1756 652 1817 mentem
674 1753 761 1817 venit
783 1754 991 1834 imperatores
1010 1756 1137 1835 publice
1165 1774 1199 1821 se
1220 1755 1318 1818 nomi-

220 1879 313 1927 nasse
335 1860 460 1940 fratres,
483 1862 633 1944 privatim
656 1864 781 1943 patrem
804 1880 841 1927 ac
854 1860 962 1942 filium,
983 1863 1078 1945 plane
1098 1865 1240 1945 ineptum
1261 1868 1319 1943 est,

222 1973 279 2034 aut
300 1968 355 2035 illa
386 1970 521 2050 epistula
543 1968 617 2034 ficta
647 1988 683 2033 aa
715 1969 932 2034 commenticia
964 1974 1092 2035 estant
1122 1971 1225 2035 omnia
1256 1970 1320 2036 alia

222 2078 402 2143 testimonia
423 2076 485 2141 fide
500 2077 685 2158 dignissima
704 2079 912 2142 mentiuntur.
943 2078 1057 2142 Utrum
1080 2097 1136 2144 nos
1150 2077 1320 2160 probemus

221 2204 349 2252 necesse
361 2186 411 2265 sit,
431 2187 561 2251 dubium
575 2204 645 2253 esse
664 2204 726 2251 non
748 2190 862 2269 potest,
878 2204 981 2266 neque
998 2188 1173 2270 quisquam,
1198 2189 1317 2269 opinor,

222 2295 388 2378 negaverit
395 2294 470 2359 Veri
482 2295 652 2377 epistulam
665 2313 734 2361 esse
746 2297 980 2378 suppositiciam
993 2301 1024 2362 et
1036 2297 1074 2362 ab
1087 2297 1232 2377 imperito
1244 2314 1320 2377 quo·

221 2404 297 2468 darn
318 2405 470 2484 scriptore
494 2402 660 2470 confictam
695 2405 750 2484 qui
776 2422 848 2468 cum
877 2405 952 2486 ipse,
977 2423 1038 2485 quo
1069 2405 1315 2489 propinquitatis

222 2512 325 2592 gradu
345 2514 553 2595 imperatores
575 2518 683 2578 essent
714 2513 880 2593 coniuncti,
912 2515 1073 2596 ignoraret
1094 2516 1209 2580 falsam
1229 2533 1319 2579 suam

224 2620 263 2685 dc
284 2620 343 2687 hoc
365 2620 542 2704 opinionem
575 2619 609 2684 in
630 2620 731 2686 literis
755 2637 880 2700 quoque
904 2621 963 2686 illis
995 2622 1128 2703 protulit
1139 2620 1173 2702 7).
1218 2622 1260 2684 Et
1279 2640 1319 2686 nc

225 2803 421 2815 --—----—.

332 2907 357 2976 1)
376 2905 411 2960 cf.
430 2905 502 2961 Dio.
523 2908 568 2971 69.
588 2909 631 2961 21.

332 3003 360 3074 2)
380 3003 414 3056 cf.
434 3002 565 3058 Galen:
596 3003 739 3075 »περὶτοῦ
761 2996 963 3074 προγινώσκειν
981 2999 1051 3075 πρὸς
1071 2999 1241 3072 Ἑπιγένηνι.
1260 3018 1283 3055 e.
1303 3002 1319 3054 9

226 3097 404 3170 (eunoun).

332 3197 360 3263 3)
380 3193 415 3248 cf.
429 3195 562 3264 Corpus
581 3195 699 3267 legum
716 3196 752 3250 ab
772 3195 991 3265 imperatoribus
1008 3194 1141 3249 Romanis
1161 3198 1225 3247 ante
1239 3193 1320 3247 Iusti·

227 3291 341 3346 niannrn
359 3292 478 3346 latarum
497 3292 540 3346 cd.
560 3291 673 3348 Huenel.
694 3294 763 3347 1857
781 3295 802 3346 t.
820 3293 841 3346 I.
860 3311 886 3363 p.
908 3294 959 3345 114
977 3309 1037 3360 sqq.
1056 3295 1077 3344 t.
1096 3291 1131 3344 ΙΙ.
1150 3308 1177 3359 p.
1196 3292 1220 3343 3.

332 3388 362 3458 4)
383 3388 418 3442 cl.
438 3386 714 3444 Orelli-Henzen
740 3389 881 3457 inscriptt.
899 3389 928 3441 in
946 3386 1038 3441 indice
1055 3389 1074 3440 t.
1094 3384 1143 3439 III.
1160 3400 1187 3453 p.
1205 3386 1241 3436 68
1259 3398 1320 3450 sqq.

332 3487 359 3553 ὅ)
383 3483 418 3539 cf.
444 3482 638 3538 Frontonis
666 3484 747 3553 epist.
774 3484 811 3537 ad
838 3484 874 3537 M.
894 3482 1066 3537 Antoninum
1092 3484 1159 3549 imp.
1186 3478 1208 3534 1.
1234 3481 1319 3533 1.-4.

224 3581 259 3636 II.
282 3583 368 3638 1.-7,
387 3580 423 3635 ad
440 3580 545 3635 Verum
563 3580 630 3650 imp.
650 3581 671 3636 1.
689 3583 714 3635 3.
733 3581 780 3650 (4.)
799 3579 842 3634 ed.
860 3580 963 3634 Nabar.

331 3680 358 3746 6)
379 3676 556 3755 Cavedoni
576 3675 786 3731 ›Osservanioni
803 3692 888 3744 sopra
908 3675 1007 3728 alcuna
1025 3676 1135 3727 monete
1154 3671 1183 3726 di
1201 3672 1320 3727 Romani

226 3772 405 3842 imperatori«
427 3773 456 3825 in
473 3771 620 3827 ‘bulletino
638 3773 714 3827 arch.
733 3767 918 3840 Napolitano.’
942 3770 976 3824 N.
994 3769 1021 3822 S.
1043 3771 1111 3823 1857
1130 3785 1157 3838 p.
1177 3771 1220 3824 25.

333 3869 360 3938 7)
378 3868 438 3922 Hoc
455 3884 553 3923 errore
570 3868 777 3923 evidentissime
795 3867 1004 3936 comprobatur.
1031 3865 1150 3920 Marium
1168 3866 1320 3920 Maximum

226 3964 324 4019 harum
341 3964 522 4033 epistularum
542 3983 599 4019 non
617 3969 759 4019 auctorem
777 3962 870 4030 fuisse,
890 3962 955 4031 quia
973 3963 1100 4016 omnibus
1117 3961 1147 4016 in
1175 3962 1252 4026 locis,
1272 3963 1320 4031 qui

226 4077 258 4115 re
275 4076 341 4114 vera
369 4059 405 4114 ad
424 4077 487 4114 eum
515 4059 656 4114 referendi
683 4064 749 4113 sunt
777 4060 810 4122 (e.
830 4074 855 4128 g.
875 4075 900 4112 v.
921 4057 1054 4113 Hadrian.
1073 4075 1097 4114 o.
1116 4061 1162 4128 24)
1191 4062 1251 4112 rect
1285 4054 1315 4113 L.

226 4157 316 4214 Verus
334 4155 452 4211 frater
465 4156 502 4211 Μ.
521 4156 656 4212 Antonini
673 4155 784 4210 dicitnr.
