2820 4724
680 256 720 319 44

152 441 288 522 scriptor
309 437 541 524 provinciarum
562 444 700 506 rectores
718 439 750 503 in
771 438 1055 521 proconsules,
1083 436 1136 517 qui
1159 455 1250 504 sena·

153 551 253 616 terias
271 550 448 631 provincias
466 549 731 626 administrarent,
756 549 832 614 etin
852 548 1074 632 praesides,
1096 549 1149 628 qui
1170 547 1249 614 (lae-

154 677 264 728 sarum
301 660 467 739 provinciis
496 664 695 740 praeessent,
728 657 868 724 diuidere
896 663 1012 739 posset.
1043 703 1044 706 ,
1067 657 1099 723 Si
1121 675 1196 724 vero
1217 659 1251 723 in

152 772 216 837 ista
236 769 340 834 Avidii
373 766 473 834 Cassii
505 786 588 849 quae
616 767 718 833 fertur
746 765 882 851 epistula
903 767 989 832 illius
1015 771 1249 834 rerummuta·

152 877 247 944 tionis
266 877 385 943 mentio
406 879 457 942 vel
479 876 664 959 significatio
688 877 844 957 quaedam
874 880 1017 956 apparet,
1040 893 1111 955 eam
1140 877 1249 943 multis

153 986 243 1053 annis
265 989 338 1066 post
358 985 462 1052 Avidii
482 990 617 1051 mortem
638 985 743 1050 fictam
767 1003 837 1050 esse
859 984 1034 1050 necessario
1056 986 1208 1067 sequitur.

262 1101 350 1179 Quae
380 1120 452 1167 cum
486 1103 531 1168 ita
552 1103 631 1182 sint,
664 1104 691 1168 si
712 1103 908 1183 quaerimus,
942 1120 1098 1184 quaenam
1122 1103 1155 1167 in
1183 1103 1253 1170 istis

153 1211 254 1276 literis
274 1208 429 1292 fingendis
450 1202 587 1291 scriptor
608 1210 665 1275 sibi
685 1212 892 1292 proposuerit,
916 1211 994 1275 mihi
1005 1211 1132 1291 quidem
1152 1212 1186 1276 id
1196 1228 1251 1292 po·

153 1321 312 1386 tissimum
335 1319 436 1402 egisse
456 1320 591 1400 ridetur,
621 1325 657 1386 ut
680 1325 712 1386 et
733 1321 836 1387 Avidii
858 1319 959 1387 Cassii
979 1325 1012 1386 et
1042 1320 1175 1385 aliorum
1197 1320 1253 1385 ho·

155 1429 283 1508 minum,
308 1427 348 1492 de
371 1428 485 1509 quibus
503 1433 659 1509 narraret,
688 1429 818 1496 consilia
850 1447 947 1510 quarn
976 1429 1251 1496 vehementissime

154 1539 331 1603 illustraret
352 1554 524 1618 eorumque
545 1539 698 1621 imagines
720 1557 816 1621 quam
839 1539 974 1605 maxime
1006 1556 1173 1620 expressas
1204 1538 1247 1603 la-

154 1647 297 1731 gentium
320 1647 419 1712 oculis
436 1647 602 1715 subiceret.
633 1648 822 1730 ltaquenon
843 1648 920 1715 satis
943 1665 1012 1714 esse
1031 1652 1120 1714 ratus
1142 1665 1251 1713 eorum

155 1756 282 1839 ingenia
321 1775 488 1838 moresque
532 1759 717 1842 simpliciter
758 1757 935 1824 describere
978 1776 1015 1822 ac
1052 1757 1136 1822 nude
1181 1775 1254 1822 nar·
1329 1742 1331 1747 ἲ

156 1883 242 1945 rare,
278 1883 434 1931 summam
467 1866 565 1934 fuisse
598 1867 640 1931 M.
663 1865 814 1932 Antonini
846 1866 1061 1944 clementiam,
1096 1884 1254 1931 summam

159 1974 261 2040 Avidii
274 1973 372 2039 Cassii
392 1976 605 2053 seueritatem,
628 1974 699 2039 illos
720 1975 806 2056 ipsos
830 1974 996 2055 loquentes
1014 1975 1146 2050 induxit,
1170 1973 1255 2039 utin

157 2082 365 2149 familiaribus
386 2083 471 2149 etin
499 2083 632 2165 publicis
664 2084 764 2149 literis
796 2084 862 2150 suis
882 2082 997 2163 verbis,
1025 2101 1107 2164 quae
1136 2081 1255 2149 vellent

158 2197 255 2273 atque
290 2192 459 2271 sentirent,
499 2194 693 2273 exponerent
731 2209 769 2257 ac
804 2191 1060 2274 comprobarent;
1102 2190 1135 2255 id
1171 2189 1255 2273 quod

159 2305 314 2382 quantum
342 2304 375 2366 et
397 2301 437 2365 ad
469 2300 683 2366 narrationem
711 2300 925 2366 exornandam
957 2299 1052 2366 etad
1081 2300 1256 2384 legentium

157 2409 277 2475 animos
304 2408 475 2476 movendos
496 2414 593 2491 atque
614 2408 818 2477 oblectandos
840 2409 1045 2493 pertinuerit,
1067 2410 1164 2491 quiri
1185 2409 1254 2490 ipse

157 2517 324 2601 intelligat.

256 2635 342 2708 Haec
363 2641 468 2724 habui,
491 2659 573 2722 quae
597 2643 637 2710 de
659 2645 803 2726 epistulis
826 2643 924 2709 (lassii
946 2643 1032 2708 vitae
1058 2643 1187 2710 insertis
1210 2643 1275 2729 di·¹

158 2771 270 2818 cerem.
315 2753 440 2831 Vereor,
464 2770 503 2817 ne
527 2755 635 2820 multis
663 2757 695 2818 in
723 2754 771 2819 his
793 2753 969 2834 quisquiliis
991 2753 1178 2836 ineptiisque
1201 2771 1250 2818 re·

157 2861 298 2929 futandis
324 2862 448 2946 longior
475 2861 570 2930 luisse
605 2863 723 2930 videar.
767 2863 829 2930 Sed
857 2868 889 2928 et
920 2863 1062 2929 virorum
1089 2863 1254 2931 doctorum

157 2977 355 3057 argumenta,
378 2973 432 3053 qui
457 2974 515 3042 has
539 2974 691 3056 epistulas
714 2973 813 3041 falsas
834 2993 904 3040 esse
925 2992 1027 3055 nuper
1049 2977 1253 3055 negaverant,

161 3154 358 3163 ———-—

159 3267 281 3333 censuit,
309 3267 383 3322 huuc
413 3267 610 3337 imperatorem
639 3265 802 3336 (aaa-235)
830 3267 952 3338 primum
978 3266 1121 3337 praesides
1145 3283 1188 3320 vv.
1206 3283 1255 3335 pp.

161 3365 220 3419 sine
240 3364 361 3439 ¹imperio
390 3361 542 3432 provinciis
571 3360 747 3431 praefecisse.
785 3363 824 3416 At
841 3367 918 3417 recte
946 3353 1104 3417 monuerat
1120 3360 1256 3413 Momm·

160 3477 261 3514 senus
288 3456 353 3528 (1.1.
372 3456 467 3511 adnot.
486 3457 539 3527 lt),
562 3462 628 3512 ante
645 3457 861 3511 Maximinorum
889 3456 1053 3523 (aet-238)
1076 3453 1120 3507 vel
1139 3451 1253 3508 Gordia·

160 3573 260 3610 norum
278 3555 432 3625 ase-244)
445 3553 634 3625 principatum
650 3553 723 3608 hanc
742 3553 990 3608 administrationis
1008 3548 1189 3605 mutationem
1201 3564 1258 3601 non

160 3652 261 3707 factam
280 3668 351 3716 esse,
373 3651 438 3720 quia
457 3651 508 3704 sub
525 3650 684 3705 Maximinis
703 3653 732 3704 et
750 3648 897 3705 Gordianis
920 3647 1024 3716 ubique
1041 3642 1248 3714 provinciarum

159 3749 268 3818 legatos
286 3748 358 3818 Aug.
377 3764 420 3817 pr.
439 3763 481 3816 pr.
509 3747 645 3801 senatorii
674 3745 780 3801 ordinis
807 3744 894 3799 iuisse
911 3742 986 3796 tituli
1008 3744 1156 3796 testantur.
1195 3739 1255 3808 Qua

162 3843 196 3897 de
215 3860 298 3898 causa
314 3843 377 3898 illas
396 3859 506 3912 quoque
523 3846 636 3897 senatus
656 3842 761 3906 literas,
781 3839 1051 3894 Maximinorum
1067 3839 1153 3893 vitis
1171 3838 1258 3894 inser·

161 3944 206 3995 tas
224 3939 353 4010 (Capitol.
373 3957 397 3994 v.
416 3938 488 3992 Max.
509 3955 534 3993 c.
555 3940 609 4009 15),
637 3937 720 3992 falsas
738 3952 799 3992 esse
817 3937 971 3992 statuamus
989 3951 1103 3990 necesse
1121 3937 1178 4002 est,
1195 3933 1255 4003 qui·

160 4037 212 4091 bus
244 4038 357 4090 senatus
390 4040 625 4106 ›moeomslitun
649 4038 841 4105 praesidibus,
867 4030 966 4102 legatis
996 4031 1064 4101 (scil.
1091 4031 1252 4102 legionum),

160 4132 294 4189 ducibus‹
313 4148 336 4188 e.
356 4149 382 4202 q.
401 4148 422 4187 s.
441 4129 559 4186 salutem
577 4129 681 4186 dixisse
698 4128 797 4185 iertnr.
