2820 4724
700 283 741 343 43

166 465 410 531 luxurienturla
443 463 482 544 (c.
510 467 558 542 14,
581 463 625 544 7).
668 461 789 540 Quibus
811 462 915 528 verbis
937 467 1105 545 postquam
1129 462 1266 544 scriptor
1288 516 1290 520 ,

163 574 265 656 primo
279 591 397 654 omncs,
418 574 598 656 quicunque
611 572 781 654 provinciis
796 578 977 654 praeerant,
999 573 1141 654 generali
1156 591 1268 653 prae·-

164 685 291 750 sidum
315 682 441 748 nomine
463 683 595 762 notavit,
628 682 687 747 hoc
709 682 754 747 ita
774 683 953 747 accuratius
975 680 1092 760 definit,
1115 685 1154 746 ut
1174 683 1265 764 quasi

162 812 261 875 genus
274 794 308 857 in
329 792 450 875 species
463 793 607 872 partiens
630 808 692 871 eos,
715 790 829 871 quibus
842 811 861 856 a
875 797 1031 871 senatu,
1052 794 1086 857 et
1108 809 1172 872 cos,
1196 793 1265 873 qui·

162 901 221 966 bus
233 901 272 966 ab
293 902 541 983 imperatore
560 899 739 981 provinciae
762 899 859 965 datae
878 901 941 964 sint
963 881 1024 979 vel,
1039 905 1077 965 ut
1087 897 1186 980 ipsius
1197 917 1266 965 ver·

163 1010 209 1075 bis
231 1015 316 1085 utar,
338 1008 610 1090 proconsules
633 1011 666 1072 et
686 1008 904 1089 praesides
927 1008 1074 1073 distincte
1097 1009 1265 1076 discernat.

76 1197 79 1201 p
164 1118 262 1199 Atqui
275 1117 426 1199 quoniam
446 1116 600 1200 praesidis
616 1134 730 1181 nomen
745 1118 894 1195 generale
907 1115 1016 1193 fuisse,
1037 1135 1138 1196 eoque
1149 1124 1182 1185 et
1196 1137 1266 1200 pro-

161 1229 306 1293 consules
328 1230 361 1293 et
384 1228 509 1308 legatos
531 1224 678 1316 Caesaris
698 1225 860 1305 praesides
883 1226 1062 1306 appellatos
1088 1243 1157 1291 esse
1186 1229 1266 1294 satis

161 1339 286 1402 constat
300 1337 333 1417 ¹),
356 1355 396 1399 ex
420 1336 480 1401 hoc
501 1336 569 1416 ipso
591 1334 752 1400 euidenter
773 1335 884 1416 liquet,
908 1334 1019 1401 eodem
1042 1337 1169 1401 nomine
1191 1337 1265 1402 Avi·

162 1444 248 1509 dium
268 1463 330 1510 non
352 1445 493 1525 potuisse
520 1462 574 1510 eos
595 1447 720 1510 tantum
744 1443 937 1525 significare,
970 1446 1024 1523 qui
1050 1445 1263 1526 imperatoriis

161 1554 331 1634 provinciis
344 1559 527 1635 praeessent
535 1576 544 1634 3
566 1571 667 1632 neque
682 1553 766 1617 enim
779 1558 914 1634 partem,
930 1570 1014 1633 quae
1032 1555 1141 1634 generi
1156 1555 1265 1621 subest

161 1663 270 1728 eodem
295 1662 391 1727 verbo
412 1663 575 1744 appellare
593 1662 676 1740 licet,
700 1679 763 1746 quo
784 1680 885 1746 genus
913 1662 1019 1744 ipsum
1054 1664 1264 1744 appellamus.

164 1771 281 1836 Mirum
303 1789 380 1836 sane
401 1789 470 1837 esse
491 1772 624 1848 videtur,
646 1772 773 1837 omuino
795 1789 995 1852 quemquam,
1019 1790 1059 1836 ne
1069 1770 1172 1836 dicam
1191 1773 1264 1837 Avi·

162 1881 258 1958 dium,
282 1881 400 1961 quippe
420 1880 476 1962 qui
496 1880 564 1961 ipse
585 1881 712 1960 legatus
730 1879 870 1961 Augusti
892 1884 985 1959 esset,
1013 1879 1093 1943 adeo
1117 1898 1265 1959 peccasse

162 1992 195 2054 et
227 1990 356 2053 nomina
387 1987 575 2055 confudisse.
629 1988 693 2054 Sed
725 1989 870 2070 quamvis
901 1987 943 2052 M.
967 1987 1123 2053 Antonini
1157 1991 1265 2053 aetate

162 2097 259 2162 verba
281 2098 338 2163 illa
361 2099 468 2178 inepte
489 2101 587 2180 atque
608 2098 745 2163 absurde
766 2098 853 2163 dicta
875 2115 943 2163 esse
968 2100 1133 2180 appareat,
1155 2101 1264 2162 tamen

161 2207 188 2271 si
200 2207 376 2288 posteriora
396 2212 541 2286 tempora
561 2207 747 2287 respexeris,
772 2211 847 2286 apte
861 2210 991 2272 etracte
1012 2222 1082 2271 esse
1105 2209 1264 2284 usurpata

161 2315 322 2380 concedes.
364 2313 449 2384 Nam
468 2334 539 2380 cum
560 2315 617 2379 III.
644 2332 675 2394 p.
699 2314 756 2380 Ch.
778 2333 808 2379 n.
832 2314 936 2380 seculo
970 2317 1122 2393 exeunte,
1154 2317 1262 2378 vetere

160 2421 340 2501 provincias
360 2422 602 2490 administrandi
622 2423 750 2489 ratione
767 2427 974 2503 commutata,
996 2424 1029 2487 in
1049 2426 1153 2489 locum
1174 2423 1262 2503 lega·

162 2533 267 2593 torum
291 2530 373 2613 Aug.
395 2550 441 2613 pr.
461 2550 509 2612 pr.
533 2532 586 2612 qni
606 2531 774 2614 provinciis
796 2550 868 2596 cum
889 2531 1021 2613 imperio
1043 2531 1262 2612 praefuerant,

160 2635 368 2716 magistratus
389 2639 611 2717 succederent,
646 2637 699 2718 qui
721 2637 945 2704 iurisdictionis
968 2642 1093 2704 tantum
1119 2641 1261 2718 potcsta-

160 2748 226 2810 tem
247 2745 408 2827 gerebant,
431 2746 453 2810 ii
479 2746 596 2813 ordinis
618 2747 776 2827 equestris
798 2745 858 2811 viri
878 2746 1113 2829 praesidum
1135 2746 1262 2812 nornine

158 2854 286 2935 proprie
320 2855 566 2936 appellabantur
576 2856 621 2938 ²),
658 2855 704 2921 ita
741 2860 778 2921 ut
807 2856 868 2921 hoc
905 2859 1049 2939 tempore
1085 2854 1263 2921 rectissime

165 3016 364 3027 --.-.....-....

272 3114 298 3179 1)
330 3111 365 3166 cf.
392 3111 505 3167 Macri
528 3113 615 3168 verba
634 3114 675 3179 (111
691 3114 798 3184 Digeat.
817 3116 840 3176 Ι,
862 3115 960 3183 18.1):
990 3113 1138 3185 ‘praesidis
1162 3133 1263 3172 nomen

158 3207 288 3276 generale
308 3212 360 3271 eat,
379 3224 467 3278 eoque
489 3213 518 3262 et
535 3211 716 3279 proconsules
736 3215 765 3265 et
783 3211 869 3281 legati
889 3211 1014 3265 Caesaris
1032 3214 1061 3265 et
1080 3228 1176 3266 omnes
1195 3230 1261 3282 pro·

163 3301 268 3357 vincias
287 3307 426 3384 regentes,
445 3304 515 3359 licet·
530 3310 674 3360 senatores
691 3311 765 3371 sunt,
785 3305 928 3376 praesides
945 3304 1138 3377 appellantnr'.

265 3399 293 3466 2)
318 3397 353 3452 cf.
371 3399 624 3458 Mommsenus:
660 3403 750 3457 Anall.
778 3404 866 3475 epigr.
888 3404 948 3459 XX.
975 3404 1116 3474 (Berichte
1135 3405 1186 3459 der
1202 3404 1260 3473 kgl.

158 3493 247 3548 sache.
267 3494 330 3549 Ges.
350 3495 453 3551 norw.
474 3498 551 3563 1852,
571 3516 599 3567 p.
617 3499 688 3567 221),
707 3499 929 3570 Borghesius
948 3501 1043 3554 annali
1063 3503 1132 3561 1853
1151 3519 1179 3570 p.
1198 3501 1260 3554 201.

157 3589 343 3644 Hennenus
369 3592 463 3647 annali
482 3595 553 3648 1860
570 3611 598 3662 p.
617 3596 659 3650 39.
682 3625 715 3635 -
737 3596 797 3664 Quo
823 3601 950 3666 tempore
967 3598 1033 3661 novi
1052 3597 1093 3650 illi
1111 3597 1259 3666 magistra·

157 3689 213 3748 tus,
231 3687 415 3755 praeides
432 3690 504 3744 viri
533 3689 815 3759 perfectissimi,
843 3694 1013 3756 exstiterint,
1033 3711 1133 3762 parum
1163 3694 1259 3762 liquet.

155 3780 302 3834 Hennenus
327 3800 376 3838 eos
396 3786 432 3842 ab
461 3784 632 3858 imperatore
659 3786 810 3841 Aureliano
837 3791 902 3855 (270
911 3791 1001 3855 -215)
1034 3790 1179 3844 institutos
1198 3805 1259 3843 esse

157 3875 288 3945 opinatus
314 3882 377 3934 est..
402 3881 590 3952 Borghesius,
618 3900 698 3953 quem
727 3883 855 3952 sequitur
884 3885 1061 3938 Aemilius
1091 3884 1144 3938 Κιι
1157 3883 1203 3937 hm
1221 3885 1262 3950 (in

155 3971 229 4026 libro
254 3971 316 4028 ‘Die
334 3975 418 4030 suda.
446 3979 506 4033 und
532 3978 655 4048 biirgorl.
676 3977 738 4048 vfg.
758 3979 785 4033 d.
806 3997 829 4033 r.
850 3977 891 4034 R?
920 3980 1005 4050 11‚p.
1025 3983 1078 4034 207
1098 3996 1138 4049 sq.
1173 3980 1261 4048 1865),

155 4068 342 4139 eLampridii
360 4070 454 4126 verbis
473 4073 512 4141 (r.
529 4072 610 4128 Alex.
629 4072 690 4128 Ser.
710 4091 733 4128 c.
747 4075 807 4139 24):
829 4075 1069 4144 ›[Alexander
1090 4070 1253 4144 Severus]

49 4157 51 4164 ’
152 4165 312 4234 prorineias
329 4165 480 4235 legatorias
499 4168 681 4239 praesidiales
698 4169 832 4239 plurimas
859 4169 954 4235 facite,
982 4169 1170 4241 colligendum
1194 4187 1254 4226 esse
