2820 4724
700 277 737 336 37

171 459 320 540 peianum
351 460 552 541 imperatoris
588 475 751 540 generum,
784 475 880 538 quem
910 477 944 524 se
965 459 1124 524 consulem
1156 459 1272 524 dixisse

168 568 210 633 M.
241 569 419 635 Antoninus
459 568 534 634 ficta
565 567 622 632 ilia
652 567 788 649 epistula
821 567 945 650 coniugi
983 568 1177 633 nuntiavisse
1207 566 1270 633 ler-

95 661 98 664 ’
167 684 231 759 tur,
257 681 409 758 tanquam
439 678 599 743 consulem
623 677 826 758 designatum
853 677 1049 742 senatoribus
1069 679 1271 759 commodari,

167 804 359 867 quamquam
380 805 481 867 neque
506 786 611 865 verba,
641 785 755 867 quibus
775 783 949 866 imperator
976 788 1087 866 utitur,
1110 785 1151 850 ad
1179 786 1266 853 illius

169 899 307 961 aetatem
337 895 499 975 quadrant
530 912 632 973 neque
656 893 711 957 ille
733 893 792 958 hoc
826 912 910 958 anno
932 894 982 958 vel
1015 895 1201 975 insequente
1223 915 1272 962 re·

169 1021 245 1068 vera
272 1004 382 1069 consul
404 1003 565 1086 processit.
608 1002 652 1066 At
672 1020 713 1067 ne
743 1004 864 1068 temere
898 1004 1050 1069 orationis
1072 1002 1168 1070 fidem
1191 1003 1273 1073 iufa-

169 1129 303 1191 memus,
336 1111 529 1193 Borghesius
566 1110 662 1175 etiam
700 1109 742 1173 ad
778 1110 878 1174 alium
900 1111 1058 1191 quendam
1094 1114 1192 1181 verba
1221 1117 1277 1184 illa

169 1226 312 1302 spectare
333 1239 425 1304 posse
448 1220 635 1299 observavit,
670 1219 712 1285 ad
735 1218 904 1285 Claudium
927 1221 1154 1303 Pompeianum
1177 1225 1276 1304 Quin·

168 1331 290 1396 tiannm
304 1331 336 1412 ¹),
371 1348 474 1410 quem,
500 1349 570 1395 cum
592 1330 697 1412 neptis
730 1330 935 1411 imperatoris
957 1338 1041 1397 esset
1073 1335 1217 1416 maritus,
1242 1343 1275 1404 et

169 1439 271 1519 ipsum
293 1456 485 1520 generum
508 1438 709 1518 imperatoris
731 1437 834 1504 dicere
863 1437 1021 1517 licebat2).
1067 1441 1171 1522 Magis
1195 1462 1271 1510 vero

168 1546 238 1628 ipsa
252 1547 403 1613 orationis
425 1566 548 1612 summa
564 1567 583 1611 a
598 1549 733 1613 veritate
758 1547 928 1614 abhorrere
943 1549 1084 1631 videtur;
1108 1568 1181 1615 nam
1199 1570 1270 1617 cum

169 1660 201 1722 et
224 1656 283 1720 Dio
306 1662 337 1720 et
351 1656 511 1721 Maximus
534 1658 599 1722 sive
624 1654 818 1737 Capitolinus
841 1658 1080 1738 imperatorem,
1103 1676 1167 1738 qua
1186 1664 1270 1724 esset

170 1766 336 1830 elementia
351 1783 389 1830 ac
408 1765 659 1846 mausuetudine,
681 1764 781 1830 Cassii
804 1767 941 1831 conscios
954 1766 1045 1830 venia
1068 1771 1166 1846 atque
1187 1767 1272 1832 inco·

169 1873 316 1939 lumitate
336 1872 468 1938 donasse
493 1877 624 1954 atquea
644 1878 758 1939 senatu
781 1872 929 1954 petivisse
952 1877 1119 1953 testentur,
1144 1892 1182 1938 ne
1198 1893 1272 1957 gra·

171 1984 242 2048 vius
271 1983 305 2046 in
333 1983 444 2046 noxios
474 1981 621 2048 facinoris
650 1982 918 2048 animadverteret
948 1999 1027 2046 neve
1050 1983 1103 2061 qui
1140 1987 1269 2048 senator

169 2092 273 2172 capite
304 2089 522 2172 punireturssl,
555 2091 618 2157 ista
645 2092 787 2155 oratione
807 2111 826 2157 a
850 2088 1014 2155 Gallicano
1048 2090 1174 2172 prolata
1206 2109 1270 2156 non

169 2201 262 2265 modo
287 2204 450 2266 senatores
472 2202 568 2279 atque
592 2199 713 2278 equites
733 2199 846 2280 capitis
871 2200 990 2264 absolvi
1007 2199 1134 2265 iussisse
1157 2219 1267 2265 verum

168 2309 264 2374 etiam
287 2309 337 2373 vel
357 2307 540 2373 mollissima
560 2326 734 2390 poenarum
750 2326 867 2389 genera
886 2308 926 2374 iis
948 2308 1141 2374 condonasse
1155 2306 1266 2374 fertur.

167 2418 330 2500 rogavisse
352 2419 434 2482 enim
457 2421 613 2498 senatum,
634 2423 671 2483 ut
692 2419 872 2499 ipsaverba
892 2436 1018 2499 ponam,
1042 2423 1079 2484 ut
1106 2420 1264 2484 »conscios

165 2529 314 2595 senatorii
334 2529 453 2594 ordinis
478 2529 516 2594 et
545 2527 746 2609 equestris
766 2546 786 2592 a
816 2527 924 2608 caede,
948 2547 967 2594 a
988 2528 1268 2610 proscriptiones

277 2822 302 2889 1)
327 2821 461 2892 Borghee.
487 2822 671 2891 1.1.p.442.
699 2820 733 2876 of.
753 2821 821 2875 Dio
840 2822 884 2886 72,
904 2821 930 2887 4,
946 2821 963 2873 4
982 2837 1022 2889 sq.
1041 2849 1075 2860 -
1093 2819 1269 2889 Lamprid.

165 2938 192 2974 v.
212 2917 356 2973 Commodi
368 2935 390 2972 o.
412 2922 438 2986 4,
456 2919 472 2970 2
489 2919 526 2986 (5,
547 2920 599 2986 12).
635 2917 825 2972 Herodian.
848 2920 871 2980 1,
897 2918 922 2982 8,
939 2917 963 2970 ὅ.
1002 2915 1174 2985 Quemquam
1193 2916 1269 2985 quod

165 3014 342 3069 Herodianus
370 3031 431 3068 eum
450 3031 474 3068 a.
496 3016 547 3067 182
564 3010 725 3068 ‘veawoxov’
751 3012 838 3066 fuisse
857 3012 935 3077 dicit,
953 3029 1010 3065 non
1035 3012 1134 3067 eadere
1153 3013 1264 3067 videtur

165 3109 195 3163 in
212 3110 299 3172 illurn,
320 3110 367 3179 qui
387 3110 444 3163 iam
467 3127 491 3164 a.
513 3111 563 3163 175
583 3109 628 3163 vel
649 3111 698 3164 176
717 3108 814 3163 consul
831 3108 975 3177 prooessit.

274 3208 301 3274 2)
320 3205 355 3260 cf.
370 3205 509 3275 Ulpian.
527 3205 557 3258 in
575 3205 679 3275 Dignst.
699 3205 741 3269 50,
763 3206 804 3272 16,
825 3206 889 3258 136:
908 3202 1009 3259 Generi
1027 3204 1214 3274 appellatione
1233 3209 1262 3259 et

169 3301 261 3370 neptis
273 3305 302 3356 et
318 3302 465 3371 proneptis
484 3305 540 3354 tam
553 3318 588 3354 ex
601 3299 659 3354 filio
678 3317 760 3368 quem
772 3316 808 3353 ex
819 3298 876 3353 filie
894 3300 1037 3355 editorum
1055 3304 1267 3370 ceterarumque

167 3397 283 3452 maritos
301 3397 442 3452 contineri
460 3397 639 3452 manifestum
658 3399 708 3452 est.

266 3497 294 3564 3)
310 3495 345 3549 cf.
364 3495 427 3548 Dio
446 3497 489 3564 71,
509 3497 552 3563 30,
570 3497 587 3548 2
612 3536 619 3550 .
642 3537 649 3550 .
668 3537 674 3550 .
693 3492 733 3568 μὴ
751 3499 868 3566 γένοιτο,
887 3495 950 3566 ἔφη,
969 3494 1078 3566 μηδένα
1096 3491 1175 3566 ὑμῶν
1194 3495 1263 3560 (soil.

166 3590 272 3645 ordinis
291 3591 436 3663 senatorii)
456 3587 498 3646 ἐπ’
518 3592 587 3664 ἐμοῦ
605 3633 612 3647 .
633 3633 639 3645 .
658 3633 664 3647 .
686 3594 835 3664 σφαγῆναι.
855 3620 889 3630 -
908 3590 945 3644 id.
965 3593 1007 3654 71,
1028 3593 1070 3657 28,
1089 3594 1120 3644 2:
1149 3589 1164 3645 ὁ
1185 3587 1266 3651 αὐτὸς

165 3688 220 3742 τῶν
230 3689 380 3756 βουλειπῶν
389 3706 448 3743 τινα
463 3689 519 3744 τῶν
537 3686 588 3743 σὺν
600 3690 638 3759 τῷ
657 3695 691 3742 K.
710 3681 762 3742 οὔτ’
775 3685 937 3760 ἀπέσφαξεν
954 3681 1014 3740 οὔτε
1027 3687 1127 3753 ἔδησεν
1145 3704 1167 3740 e.
1186 3704 1212 3756 q.
1232 3705 1263 3754 s.,

165 3782 354 3853 Capitolin.
367 3800 400 3836 v.
420 3783 456 3837 M.
469 3784 535 3837 Ant.
556 3801 579 3838 c.
594 3785 628 3838 25
648 3783 721 3854 petit
741 3783 834 3852 nequi
852 3787 999 3836 senator
1016 3786 1143 3852 tempore
1161 3782 1267 3853 princi·

164 3883 246 3949 patus
265 3881 308 3933 sui
329 3879 512 3948 occideretur,
530 3896 566 3935 ne
584 3879 644 3933 eius
662 3880 838 3949 pollueretur
856 3879 1011 3949 imparium.
1037 3897 1083 3934 eos
1103 3880 1198 3943 etiarn,
1217 3882 1265 3949 qui

166 3974 309 4044 deportati
326 3974 446 4041 fueraut,
467 3976 595 4032 revocari
612 3975 701 4042 iussit,
719 3993 783 4030 cum
801 3975 962 4047 paucissimi
986 3976 1161 4031 centuriones
1175 3976 1266 4045 capite

163 4074 257 4126 essent
285 4070 385 4140 puniti.
428 4070 546 4141 (Eadem
579 4071 678 4126 iisdem
706 4070 766 4128 fere
796 4072 889 4127 verbis
923 4071 1013 4128 tradit
1045 4071 1258 4128 Gallicanus

164 4183 188 4222 v.
207 4169 258 4224 dv.
279 4167 308 4223 0.
325 4182 349 4221 e.
366 4168 392 4232 8,
412 4168 429 4221 7
446 4167 567 4224 Marium
584 4167 901 4239 111111111116111111Ι
