2820 4724
686 260 736 330 31Ι

152 447 259 514 fuisse.
301 444 417 527 Neque
441 442 541 525 magis
564 442 802 525 approbandum
825 458 894 507 esse
916 458 1026 506 censeo
1043 439 1128 519 quod
1148 439 1249 504 Rena-

152 576 212 623 nus
228 555 325 620 verba
340 551 539 634 imperatoris
554 570 573 615 a
586 551 685 616 Dione
708 551 842 615 tradita:
869 548 1032 624 »Πολλοῖς
1044 542 1151 611 ἔτεσιν
1169 536 1251 610 ἄπο-

153 665 341 749 δεόημηκῶς
361 648 429 746 Aac,
463 679 503 725 ne
525 680 596 726 cum
623 659 692 724 istis
716 660 859 740 epistulis
881 659 1061 739 discrepare
1082 657 1251 721 videantur

153 776 199 839 ita
231 773 272 839 sit
293 774 531 853 interpretatus,
564 775 600 834 ut
629 768 672 833 M.
696 769 888 832 Antoninum
911 785 974 832 non
1002 768 1044 831 in
1073 767 1142 846 ipsa
1164 764 1250 844 urbe,

152 864 208 947 sed
229 881 315 960 apud
337 897 407 944 eam
433 883 592 943 moratum
611 895 681 943 esse
696 876 824 958 dixerit3
845 877 877 941 id
901 874 985 957 quod
1007 893 1069 939 non
1088 874 1181 937 modo
1195 890 1252 954 per

155 973 278 1054 severi
300 994 348 1052 est
370 986 623 1064 dissimillimum,
647 1002 757 1049 verum
779 984 876 1049 etium
899 984 984 1048 vocis
1005 982 1088 1047 illius
1113 971 1252 1064 »ἀποδη-

152 1101 245 1179 petel
269 1094 486 1176 significationi
511 1094 604 1175 plane
622 1096 790 1174 repugnat.

253 1205 363 1270 Causis
385 1204 455 1282 illis,
479 1202 653 1281 dequibus
675 1201 821 1281 disserui,
843 1207 948 1265 motus
977 1218 1048 1265 cum
1071 1201 1135 1264 iam
1157 1199 1252 1264 Tille-

153 1312 293 1377 montius
314 1313 358 1376 M.
379 1309 530 1375 Antonini
555 1314 651 1388 atque
674 1309 845 1374 Faustinae
875 1308 1029 1388 epistulas
1050 1326 1070 1372 a
1090 1306 1252 1372 Gallicano

153 1421 295 1501 prolatas
309 1417 408 1484 falsas
422 1436 491 1484 esse
508 1416 732 1498 perspexisset,
753 1415 833 1481 alias
846 1416 940 1504 etiarn
953 1416 1065 1481 attulit
1087 1415 1251 1498 Borghe-

154 1529 242 1593 sius
268 1524 362 1609 (1.1.)
394 1526 509 1605 quibus
532 1524 697 1589 falsarium
725 1525 755 1588 in
785 1524 935 1604 temporis
970 1541 1097 1603 quoque
1129 1524 1253 1588 ratione

152 1637 331 1718 peccavisse
351 1634 582 1714 comprobaret.
611 1632 673 1698 Sed
687 1634 761 1712 quia
782 1633 860 1698 haec
877 1633 946 1715 ipsa
968 1637 1147 1712 temporum
1161 1633 1252 1712 ratio,

154 1762 248 1824 quam
269 1743 322 1807 ille
345 1743 439 1823 quasi
459 1741 745 1823 exploratissimam
766 1741 874 1821 posuit
895 1759 996 1823 nuper
1017 1742 1050 1805 in
1074 1747 1252 1806 controver-

154 1854 235 1918 siam
259 1853 372 1918 vocata
395 1857 427 1916 et
448 1851 635 1932 impugnata
659 1854 715 1930 est,
735 1849 783 1914 ita
805 1855 842 1915 ut
861 1851 960 1916 totius
980 1851 1065 1917 illius
1086 1871 1254 1935 argumen-

154 1963 285 2027 tationis
297 1959 540 2027 fundamentum
556 1957 813 2039 labefactaretur,
836 1961 1015 2025 accuratius
1026 1961 1129 2026 denuo
1152 1962 1253 2040 inqui·

152 2088 225 2136 rere
246 2075 380 2152 oportet,
407 2088 469 2149 quo
492 2087 574 2134 anno
593 2068 725 2135 Avidius
749 2067 878 2135 Cassius
899 2070 1085 2135 seditionem
1106 2071 1249 2134 moverit.

252 2179 306 2255 Ac
320 2180 468 2261 quoniam
490 2178 742 2260 Lampridius
769 2178 801 2242 in
825 2176 986 2243 Commodi
1010 2179 1077 2244 vita
1107 2179 1253 2244 distincte

157 2288 267 2367 tradit,
280 2286 486 2352 Commodum
502 2285 649 2352 Pisone
670 2286 829 2352 Iuliano
853 2286 1184 2368 consulibus‚-id
1202 2291 1253 2354 est

156 2418 186 2463 a.
212 2403 270 2461 175
293 2434 334 2444 -
358 2399 389 2462 in
411 2398 614 2464 Germaniam
637 2397 812 2480 profectum
835 2417 903 2465 esse
930 2404 1026 2481 atque
1049 2404 1156 2482 togam
1179 2400 1251 2466 viri·

157 2506 221 2571 lem
243 2506 414 2587 accepisse,
439 2507 508 2573 aliis
529 2525 603 2572 vero
624 2513 656 2573 et
675 2507 845 2590 Capitolini
874 2511 906 2572 et
927 2508 1035 2573 Dionis
1064 2509 1250 2575 testimoniis

157 2633 255 2694 supra
270 2615 375 2682 citetis
398 2616 478 2683 satis
500 2619 625 2682 constat
639 2613 845 2682 Commodum
866 2615 951 2681 illius
974 2617 1135 2683 seditionis
1157 2637 1253 2684 causa

154 2729 276 2806 epatre
298 2724 330 2788 in
343 2724 545 2790 Germaniam
566 2725 751 2790 arcessitum
767 2730 798 2790 et
814 2730 888 2805 toga
909 2726 993 2790 virili
1014 2743 1082 2791 esse
1103 2727 1250 2792 indutum

154 2833 293 2896 omnium
315 2831 476 2897 hominum
500 2832 663 2898 doctorum
692 2833 869 2898 sententiae
889 2834 921 2897 in
943 2834 1002 2899 hoc
1031 2842 1252 2916 congruerunt,

154 2944 305 3004 111175
328 2941 454 3007 demum
471 2940 616 3007 Cassium
640 2939 789 3006 defecisse
809 2947 989 3008 statuerent
1000 2945 1033 3023 ¹).
1066 2944 1164 3024 Atqui
1181 2962 1252 3008 cum

155 3049 294 3113 omnium
317 3049 494 3130 titulorum,
516 3053 570 3130 qui
593 3052 720 3130 quidem
741 3049 784 3114 M.
804 3051 933 3115 Aurelio
945 3052 1101 3117 Antonino
1118 3053 1251 3135 impera·

156 3161 226 3223 tore
250 3161 323 3239 post
344 3157 380 3223 L.
404 3158 480 3224 Veri
500 3164 634 3224 mortem
655 3158 736 3242 (init.
757 3179 787 3224 a.
806 3159 996 3242 compositi
1017 3179 1130 3225 nomen
1151 3161 1254 3227 Avidii

157 3265 259 3332 Cassii
279 3267 378 3348 legati
391 3267 469 3346 Aug.
493 3286 540 3350 pr,
552 3286 598 3349 pr.
611 3269 790 3350 provinciae
806 3268 915 3350 Syriae
936 3269 1113 3352 exhibeant,
1135 3289 1175 3335 ne
1190 3290 1253 3336 una

155 3375 283 3455 quidem
297 3377 465 3441 adannum
491 3377 616 3441 rinvel
639 3375 859 3457 insequentem
881 3383 1011 3460 spectet,
1036 3383 1068 3445 et
1089 3379 1252 3460 Pompeia·

155 3504 232 3550 num
243 3485 343 3563 illum,
358 3504 452 3567 quem
464 3485 638 3564 imperator
646 3486 749 3568 primo
762 3487 900 3567 epistula
911 3487 951 3553 ad
962 3489 1146 3553 Faustinam
1158 3490 1254 3554 missa

155 3593 197 3674 (v.
221 3594 277 3659 Av.
303 3592 336 3658 C.
357 3613 384 3658 c.
409 3598 445 3657 11
469 3594 561 3676 extr.)
596 3596 629 3658 in
657 3615 774 3660 annum
809 3600 992 3678 sequentem
1023 3599 1185 3664 consulem
1219 3617 1253 3665 se

154 3701 271 3767 dixisse
293 3700 479 3782 profitetur,
512 3703 624 3769 deinde
647 3707 787 3770 oratione
817 3707 858 3770 ad
886 3709 1031 3771 senatum
1057 3708 1253 3773 senatoribus

154 3810 361 3892 commendat,
377 3828 459 3877 anno
483 3814 523 3873 17
532 3814 550 3874 3
575 3813 736 3878 consulem
751 3815 940 3893 processisse
956 3822 1065 3882 notum
1082 3817 1132 3895 sit,
1149 3815 1253 3881 Wad-

262 4046 287 4116 1)
306 4045 342 4100 ef.
354 4046 503 4102 Tillemont
516 4049 550 4102 11.
566 4051 626 4103 376.
657 4049 773 4117 Eokhel,
791 4050 921 4105 doctrina
941 4068 1117 4105 nummorum
1127 4049 1185 4104 Vll.
1202 4053 1251 4107 102

159 4158 217 4212 sqq.
257 4141 379 4208 Clinton,
397 4141 463 4197 fasti
481 4144 607 4214 Romani,
623 4145 645 4203 Ι.
664 4146 700 4201 ad
717 4163 741 4200 a
764 4148 823 4202 175.
