2820 4724
744 261 783 333 22

213 455 356 536 margine
377 455 408 519 in
430 459 555 521 textum
579 453 748 535 inrepsisse
772 456 868 535 atque
889 451 1055 518 delendum
1077 471 1159 534 esse,
1179 452 1263 535 quod
1287 453 1313 519 si

213 562 288 627 mihi
308 564 505 643 concesseris,
538 583 597 646 pro
622 567 706 628 certo
737 560 897 627 affirmare
930 562 1032 628 ausim
1056 579 1129 627 euru
1161 542 1215 641 qui
1239 562 1313 628 Veri

213 672 382 752 epistulam
405 671 539 737 finxitin
562 672 674 738 eodem
689 689 800 759 errore
817 675 979 737 versatum
1001 689 1070 737 esse
1094 676 1191 751 atque
1206 672 1313 752 illum,

214 798 306 860 quem
322 780 511 862 Spartianus
523 783 575 848 vel
592 781 788 863 Capitolinus
801 781 822 845 l.
837 781 859 844 1.
871 781 1072 862 sequebatur,
1095 799 1197 862 neque
1211 799 1309 844 unum

213 889 314 955 solum
335 889 440 970 fuisse,
463 890 516 971 qui
537 895 605 955 tam
627 891 733 972 inepte
754 897 900 972 peccaret
914 888 947 971 ¹).

313 1004 493 1086 Epistulam
516 1006 603 1072 illam
623 1007 722 1088 igitur
743 1004 857 1071 falsam
881 1021 948 1068 esse
974 1021 1045 1068 cum
1065 1004 1127 1067 iarn
1148 1005 1226 1069 satis
1241 1021 1314 1069 con-

213 1116 287 1192 stet,
313 1131 428 1195 operae
452 1115 591 1194 pretium
614 1115 695 1193 erit,
732 1112 913 1178 accuratius
935 1111 1126 1193 exquirere„
1145 1111 1220 1192 quid
1240 1113 1315 1176 sori·

114 1241 119 1249 ·
214 1226 287 1304 ptor
308 1223 340 1286 in
362 1221 417 1287 illa
439 1221 587 1303 fingenda
607 1221 798 1304 spectaverit
820 1240 857 1286 ac
879 1220 938 1285 sibi
959 1220 1101 1285 voluerit.

315 1337 521 1418 deprimam
554 1337 680 1419 quidem
703 1339 733 1403 id
754 1339 929 1421 permirum
959 1356 1028 1404 esse
1050 1339 1200 1420 apparet,
1231 1337 1315 1417 quod

215 1445 279 1510 iam
302 1444 358 1510 Pio
392 1445 568 1525 imperante
603 1446 734 1512 Avidius
768 1445 895 1513 Cassius
929 1445 1109 1511 dominandi
1144 1445 1316 1525 cupiditate

214 1551 369 1633 flagrasse
385 1557 482 1632 atque
498 1554 666 1634 imperium
682 1554 875 1636 appetivisse
886 1547 1031 1632 dicitur3'
1041 1571 1116 1617 nam
1136 1553 1163 1618 si
1178 1553 1316 1640 Marium

214 1659 389 1725 Maximum
413 1658 465 1742 (cl.
486 1678 514 1724 v.
528 1660 571 1724 M.
596 1662 737 1727 Anton.
761 1681 786 1727 c.
801 1667 851 1742 24,
873 1666 901 1726 6.
924 1680 953 1725 r.
972 1664 1036 1727 Ar.
1057 1660 1162 1726 Cass.
1185 1678 1209 1725 c.
1223 1666 1241 1724 9
1256 1659 1316 1744 sq.)

215 1760 247 1833 et
269 1767 413 1834 Cassium
436 1769 585 1850 Dionem,
614 1788 757 1837 summae
780 1770 982 1836 auctoritatis
1004 1770 1195 1850 historicum,
1215 1770 1251 1852 (l.
1275 1773 1314 1833 71

215 1895 241 1942 c.
264 1879 317 1958 22)
342 1878 496 1958 audimus,
530 1885 639 1945 contra
667 1898 881 1967 successorem
901 1880 950 1944 Pii
972 1878 1098 1943 demum
1131 1877 1315 1945 seditionem

214 1986 327 2065 movit,
351 1987 472 2052 ultimis
493 1988 578 2053 illius
600 1988 798 2069 principatus
823 1989 928 2065 annis,
962 1991 995 2054 et
1016 2006 1055 2053 ne
1079 1993 1154 2054 tunc
1189 1987 1315 2067 quidem

214 2114 272 2161 sua
293 2101 405 2176 sponte
429 2115 466 2162 ac
488 2097 661 2175 voluntate,
695 2096 749 2161 sed
779 2096 962 2177 Faustinae,
984 2089 1193 2178 imperatoris
1213 2096 1317 2161 coniu-

214 2204 262 2284 gis
284 2203 437 2270 illecebris
459 2206 492 2270 ct
524 2202 798 2269 adhortationibus
828 2205 983 2286 impulsus
1016 2205 1156 2270 animum
1179 2205 1312 2283 induxit,

213 2312 308 2379 fidem
331 2313 486 2394 frangere.
530 2313 614 2377 Num
637 2331 711 2378 vero
741 2319 826 2380 recte
847 2315 1048 2380 narraverint
1076 2314 1260 2380 Faustinam
1283 2319 1316 2380 et

215 2422 322 2491 mariti
356 2425 389 2487 et
421 2420 478 2486 filii
513 2422 643 2488 oblitam
675 2423 840 2504 peregrino
873 2423 919 2488 illi
952 2423 1119 2505 imperium
1152 2423 1314 2502 obtulisse,

215 2530 361 2611 equidem
394 2531 490 2594 nolim
515 2530 696 2611 diiudicare,
731 2531 786 2597 sed
807 2533 892 2611 quod
915 2533 969 2614 qui
989 2551 1091 2614 nuper
1113 2532 1236 2599 exstitit
1259 2532 1316 2596 im-

214 2638 379 2719 peratricis
401 2638 557 2720 defensor,
591 2640 794 2706 Ernestus
815 2640 952 2705 Renan
972 2641 1051 2707 haec
1072 2642 1162 2721 quasi
1183 2641 1316 2706 crimina

216 2750 286 2816 odio
312 2770 348 2817 ac
368 2754 532 2818 simultate
566 2751 701 2818 conficta
722 2753 786 2818 illis
807 2752 842 2816 L.
864 2753 939 2818 Veri
963 2752 1066 2817 verbis
1088 2748 1189 2816 refelli
1220 2756 1317 2830 atque

216 2861 366 2942 redargui
388 2861 560 2933 contendit,
583 2861 710 2944 egregie
732 2864 819 2925 errat
833 2863 865 2925 et
880 2860 973 2925 nimis
995 2860 1108 2926 tribuit
1128 2858 1229 2925 literis
1244 2875 1317 2941 sup·

215 2969 409 3053 positiciis2).
446 2969 651 3047 Quibuscum
670 2988 799 3052 prorsus
815 2969 891 3034 nihil
911 2969 1108 3051 comprobari
1128 2968 1236 3050 possit,
1253 2985 1312 3050 ego

217 3097 280 3144 non
302 3078 421 3157 dubito,
443 3098 481 3145 ea
502 3097 585 3160 quae
607 3078 740 3160 scriptor
762 3097 833 3145 cum
856 3079 887 3142 in
907 3078 978 3161 ipsa
1009 3095 1114 3143 rerum
1135 3075 1319 3142 narratione

216 3191 286 3252 tum
318 3189 350 3251 in
373 3187 448 3252 Veri
470 3188 607 3268 epistula
637 3187 758 3253 inserta
789 3188 828 3252 de
852 3186 954 3254 Cassii
984 3185 1140 3252 seditione
1164 3186 1223 3251 sub
1246 3183 1317 3251 Pio

217 3300 303 3361 mota
334 3296 451 3362 diserte
471 3297 609 3377 exponit,
640 3315 697 3379 pro
720 3295 812 3362 falsis
834 3296 951 3362 habere
979 3315 1016 3362 ac
1037 3294 1221 3377 repudiare,
1254 3309 1316 3356 non

326 3582 352 3652 1)
371 3580 506 3635 Similiter
532 3581 646 3650 erravit,
667 3580 715 3650 qui
745 3578 928 3636 Commodi
960 3573 1136 3645 imperatoria
1169 3571 1319 3641 epistulam

217 3677 253 3746 (v.
283 3675 359 3731 clod.
389 3676 448 3729 Aol.
477 3694 499 3731 e.
528 3677 556 3746 2)
584 3679 757 3731 commentus
789 3679 839 3730 est.
876 3673 971 3742 lpaum
1003 3669 1076 3724 enim
1097 3666 1318 3722 Commodum

220 3772 329 3828 Aelium
351 3772 455 3829 Verum
474 3772 618 3827 Caesarem
642 3790 791 3844 »proavum
810 3786 907 3825 suum«
927 3768 1085 3822 nominasse
1102 3764 1183 3832 plane
1199 3763 1320 3819 incredi-

219 3869 276 3925 bile
296 3873 347 3933 est,
367 3869 432 3938 quia
445 3869 555 3923 Aelium
566 3869 669 3923 Verum
686 3867 821 3922 Hadriani
841 3866 928 3919 filium
948 3867 977 3917 et
989 3862 1033 3915 Pii
1051 3862 1175 3926 fratrem,
1195 3861 1320 3916 Commo·

217 3965 284 4020 dum
301 3982 367 4020 vero
385 3965 521 4020 Hadriani
540 3970 710 4034 ponepotem
730 3968 758 4018 et
776 3962 819 4015 Pii
837 3964 969 4030 nepotem
987 3959 1072 4013 fuisse
1091 3961 1208 4014 constat.

162 4042 173 4055 ⁰
323 4061 351 4132 2)
372 4061 468 4117 Renan
488 4061 653 4118 »Aoadbmie
671 4061 721 4116 des
738 4059 820 4114 inser.
841 4059 870 4112 et
887 4058 915 4111 b.
926 4057 944 4111 1.
962 4055 1093 4126 Oomptcs
1112 4054 1223 4110 raudus.
1243 4057 1311 4110 1867

217 4177 244 4230 p.
262 4159 314 4213 aba
335 4175 412 4228 sqq«
