2820 4724
686 278 724 339 13

126 440 293 527 ¹omnium
314 460 470 527 falsorum
494 460 616 541 insigne
639 464 735 541 atque
757 460 905 525 indicium
935 477 1026 541 posse
1049 460 1250 542 deprehendi.

153 571 196 636 llt
227 573 374 652 quoniam
409 572 577 652 scriptores
604 570 755 635 historiae
788 572 955 653 Augustae
984 571 1043 650 ipsi
1076 571 1155 635 talia
1189 588 1251 635 non

153 678 320 757 finxerunt,
339 679 394 745 sed
420 680 502 744 bona
523 677 586 743 fide
607 697 627 743 a
649 679 862 759 prioribus
896 679 1053 745 historicis
1087 679 1252 761 depromp-

153 793 271 868 serunt,
292 789 322 852 in
343 787 442 854 literis
463 787 503 852 ab
520 787 568 852 his
589 785 671 853 fictis
692 789 830 852 omnium
851 805 961 853 earum
984 807 1091 853 rerum
1111 788 1249 870 publica·
1330 845 1333 851 .

152 915 232 974 rum,
256 914 337 978 quas
348 896 580 961 Diocletianum
601 897 652 960 vel
675 895 915 961 Constantinum
940 897 1114 964 instituisse
1136 898 1251 963 scimus

152 1023 254 1085 neque
277 1004 464 1087 significatio
484 1024 587 1087 neque
609 1007 727 1071 mentio
742 1004 809 1070 fieri
832 1007 954 1088 potnit3
977 1023 1059 1086 quae
1078 1023 1153 1071 vero
1174 1022 1250 1087 quc·

154 1131 214 1194 que
235 1120 378 1194 tempore
401 1120 475 1203 ante
497 1114 555 1178 hos
577 1115 783 1195 imperatores
809 1115 841 1178 in
863 1115 1023 1195 republica
1047 1119 1171 1179 mutata
1195 1119 1251 1179 aut

153 1224 303 1289 instituta
323 1225 395 1300 sint,
417 1223 448 1287 id
465 1224 567 1305 ipsum
593 1223 672 1288 aden
688 1225 802 1289 crassis
820 1223 959 1288 tenebris
981 1221 1114 1287 offusum
1138 1227 1195 1301 est,
1215 1226 1252 1286 ut

155 1331 207 1396 vix
230 1331 371 1396 divinare
392 1331 496 1397 liceat.
517 1366 558 1376 —-
579 1331 789 1411 Relinquitur,
818 1335 855 1395 ut
875 1331 915 1395 de
934 1332 1071 1411 ratione,
1100 1350 1164 1413 qua
1187 1332 1250 1413 cpi-

156 1441 258 1506 stulae
287 1446 422 1522 actaque
456 1459 474 1503 a
506 1441 711 1521 scriptoribus
744 1440 895 1506 historiae
924 1440 1090 1522 Augustae
1127 1440 1252 1521 prolata

155 1549 195 1614 ad
216 1566 273 1613 nos
295 1549 504 1630 pervenerint,
533 1548 672 1613 breviter
703 1548 904 1627 disseramus
936 1548 967 1611 id
989 1549 1073 1627 quod
1105 1549 1250 1628 quamvis

154 1655 239 1721 haud
260 1657 306 1720 ita
324 1674 476 1737 magnum
499 1654 612 1722 afferat
633 1661 837 1735 momentum,
861 1661 968 1720 tamen
992 1657 1032 1720 ad
1057 1675 1124 1721 rem
1145 1654 1249 1720 iacere

153 1768 296 1846 apparet.
339 1763 421 1827 Nam
448 1765 473 1828 sl
503 1768 588 1827 recte
610 1764 776 1830 statuisset
800 1762 1123 1846 Bernhardyns¹)
1156 1763 1250 1844 Hey-

154 1872 298 1949 nium2)
318 1878 454 1950 secutus,
479 1872 707 1952 imperatorum
731 1873 815 1936 vitas
828 1890 890 1937 non
917 1872 1008 1936 modo
1029 1891 1092 1936 non
1112 1873 1253 1953 integras

154 1980 307 2046 mansisse
329 1980 386 2044 sed
405 1980 538 2045 diversis
572 1981 767 2060 temporibus
788 1998 806 2043 a
824 1980 958 2045 diversis
980 1980 1169 2059 hominibus,
1192 1981 1247 2059 qui

156 2089 191 2153 in
212 2075 317 2155 verbis
340 2087 489 2154 addendis
510 2089 560 2154 vel
582 2089 763 2154 omittendis
785 2089 850 2154 suis
870 2089 1004 2169 ingeniis
1029 2089 1120 2154 nimis
1149 2088 1250 2152 indul-

157 2201 279 2278 gerent,
298 2202 490 2262 retraotatas
502 2197 551 2261 vel
566 2197 671 2279 potius
683 2199 891 2277 interpolatas
907 2215 985 2277 esse,
1008 2198 1105 2261 totius
1121 2202 1251 2262 nostrae

156 2307 349 2385 quaestionis
374 2307 463 2386 quasi
497 2305 701 2370 fundamento
732 2307 864 2372 subruto
895 2325 957 2372 non
989 2307 1053 2370 iam
1079 2305 1251 2386 esingulis

154 2413 258 2478 rsrbis
282 2414 510 2494 sententiisque
537 2413 577 2477 de
594 2413 804 2494 epistularum
824 2413 885 2478 fide
904 2417 1116 2479 coniecturam
1146 2411 1253 2478 lacere

154 2519 270 2586 liceret.
292 2540 366 2587 nam
390 2522 482 2587 valde
503 2522 632 2587 dublum
661 2525 756 2602 atque
777 2524 931 2588 incertum
962 2521 1055 2586 fieret
1077 2527 1194 2600 utrum,
1225 2521 1251 2587 si

154 2646 235 2709 quae
256 2627 337 2694 falsa
361 2630 411 2694 vel
432 2649 453 2695 a
474 2649 551 2695 vera
572 2631 721 2711 temporis
742 2631 866 2696 ratione
888 2630 1092 2695 abhorrentia
1114 2631 1147 2693 in
1177 2629 1248 2694 lite·

152 2738 196 2802 ris
220 2737 364 2818 actisque
384 2738 563 2816 invenisses,
597 2757 635 2802 ea
658 2742 784 2802 tantum
806 2738 889 2803 veris
910 2755 947 2802 ac
973 2737 1117 2819 genuinis
1138 2755 1250 2802 monu-

154 2845 269 2909 mentis
283 2863 303 2909 a
324 2846 551 2925 posterioribus
572 2846 726 2910 historicis
742 2845 901 2910 inculcata
916 2851 1020 2910 essent
1037 2865 1079 2911 an
1096 2851 1168 2912 acta
1182 2846 1252 2928 ipsa

153 2970 210 3033 pro
231 2951 320 3020 falsis
341 2959 373 3019 et
394 2956 619 3021 commenticiis
641 2958 748 3020 essent
769 2952 923 3018 habenda.
969 2953 1032 3020 Sed
1053 2973 1155 3035 neque
1178 2973 1250 3036 prn-

260 3274 287 3344 1)
318 3272 353 3327 cl.
381 3271 554 3340 Bernhardyi
580 3269 765 3341 ‘prooemium
791 3269 813 3323 Ι.
842 3269 877 3324 de
906 3270 1090 3340 scriptoribus
1117 3270 1252 3326 historiae

153 3366 296 3438 Augustae
325 3368 421 3435 (Halae
453 3368 532 3438 1845)
562 3386 589 3436 p.
620 3363 674 3422 ΙΙΙ]
733 3365 867 3420 Eiusdem
895 3363 1057 3420 ‘Rdmische
1088 3365 1252 3420 Liberatus·

138 3460 319 3535 geschichte'
337 3464 381 3518 ed.
400 3463 446 3518 IV.
465 3482 492 3533 p.
512 3467 564 3518 713
584 3481 624 3532 sq.
657 3463 691 3543 cl.
704 3463 737 3518 H.
757 3462 879 3516 Peteri
896 3460 1024 3516 ‘historia
1043 3462 1142 3516 critica
1162 3463 1248 3532 scrip-

152 3561 247 3612 torum
272 3558 407 3613 historiae
430 3543 580 3629 Augustae'
613 3559 738 3628 (Lipsiae
759 3559 838 3626 1860)
865 3576 891 3627 p.
915 3559 956 3612 17.
993 3558 1020 3610 Is
1048 3574 1109 3611 mea
1135 3559 1247 3627 quidem

155 3655 293 3710 sententia
319 3660 396 3710 recte
424 3657 493 3709 duas
511 3659 622 3709 tantum
645 3657 765 3719 aetates,
796 3655 897 3722 quibus
926 3659 1020 3708 ortum
1047 3662 1120 3709 esset
1147 3672 1248 3725 corpus

153 3755 291 3818 nostrum,
312 3751 442 3806 distinxit
462 3768 595 3818 »quarum
614 3752 710 3819 priore
720 3751 758 3806 VI
777 3751 929 3820 scriptores
949 3751 1035 3806 libros
1054 3769 1119 3806 snos
1140 3769 1250 3821 compo·

155 3845 283 3914 suissent,
308 3847 398 3902 altera
414 3847 497 3900 homo
516 3846 616 3915 aliquis
636 3863 683 3901 eas
701 3848 773 3902 vitas
791 3863 862 3916 quae
886 3847 940 3902 sibi
959 3848 1079 3903 maxime
1106 3849 1250 3917 placerent

154 3942 259 4014 eligens
278 3957 333 3995 nno
353 3941 493 3997 volumine
512 3942 681 4010 complexus
693 3945 793 3995 esset«.

256 4041 285 4107 2)
301 4038 418 4132 -Ηθγιιίἰ
444 4036 579 4092 ‘Censura
605 4038 651 4095 vl.
677 4038 787 4106 seriptt.
806 4037 870 4092 hist.
890 4033 969 4108 hup.²
999 4037 1028 4090 in
1056 4036 1183 4108 Opnsnul.
1204 4036 1249 4092 vl.

153 4152 180 4207 p.
205 4139 248 4192 71.
