2820 4724
210 1269 212 1274 ,
258 1214 433 1296 Scriptores
454 1215 607 1282 historiae
618 1216 784 1296 Augustae
805 1215 861 1295 qui
875 1219 1036 1294 vocantur,
1059 1231 1253 1294 quamquam

159 1322 309 1402 omnium,
341 1324 396 1406 qui
422 1323 464 1388 ad
489 1328 632 1389 nostram
661 1322 854 1390 memoriam
878 1326 1079 1402 manserunt,
1108 1326 1253 1389 veterum

157 1433 376 1498 historicorum
407 1430 529 1497 infimos
557 1437 654 1514 atque
690 1433 882 1499 miserrimos
912 1450 982 1499 esse
1006 1434 1085 1499 satis
1116 1435 1258 1510 constat,-

158 1547 264 1606 tamen
296 1540 336 1605 ad
360 1540 524 1606 historiam
555 1540 680 1605 illorum
702 1545 880 1621 temporum
899 1577 940 1588 -
961 1524 1090 1608 secundi
1114 1545 1147 1606 et
1165 1540 1255 1606 tertii

157 1668 189 1730 p.
211 1650 267 1716 Oh.
289 1668 320 1715 n.
342 1649 713 1732 seculi-cognoscendam
734 1651 863 1714 maximi
889 1649 979 1716 nobis
1010 1668 1078 1715 esse
1102 1649 1253 1715 momenti

157 1759 258 1839 quivis
286 1759 447 1824 concedat.
490 1758 551 1852 Qui
578 1777 675 1841 qnam
707 1759 794 1825 leves
815 1762 915 1840 atque
941 1759 1065 1840 ineptos
1096 1760 1130 1823 in
1155 1758 1253 1838 impo-

156 1871 299 1933 ratorum
330 1867 546 1933 Romanorum
577 1869 651 1934 vitis
682 1868 936 1934 consarcinandis
968 1886 1004 1934 se
1036 1866 1251 1949 praebuerint,

156 1975 213 2040 viri
241 1976 325 2042 docti
357 1977 422 2041 iam
453 1994 680 2058 saepenumero
709 1977 1015 2042 demonstraverunt.
1058 1994 1160 2057 neque
1187 1993 1252 2041 onr-

157 2085 233 2148 nino·
254 2085 421 2166 quisquam
440 2085 495 2166 qui
516 2086 695 2151 accuratius
721 2085 752 2149 in
775 2103 885 2151 eornm
907 2086 1132 2152 auctoritatem
1152 2085 1252 2165 inqui-

156 2191 274 2270 siverit
298 2191 476 2273 intelligere
497 2209 560 2257 non
587 2194 702 2274 potest,
725 2209 773 2272 ca,
795 2211 878 2275 quae
901 2193 961 2274 ipsi
976 2192 1016 2260 ab
1031 2191 1102 2258 aliis
1125 2195 1253 2272 recepto

157 2301 249 2364 nimis
280 2299 472 2367 confidenter
491 2299 644 2380 referant,
680 2319 798 2384 magna
819 2320 858 2367 ex
888 2306 980 2383 parte
1008 2300 1253 2367 vehementera

156 2407 219 2473 ride
250 2408 432 2475 abhorrere.
485 2409 547 2476 Sed
576 2428 639 2475 non
673 2411 752 2476 adeo
784 2410 832 2475 illi
866 2412 907 2476 de
937 2410 1029 2492 plebe
1061 2408 1187 2491 opifices
1220 2413 1254 2475 et

157 2518 236 2583 artis
248 2519 345 2584 rudes
369 2523 401 2583 et
423 2519 542 2584 consilii
564 2523 709 2601 expertes
730 2537 835 2586 meras
856 2519 972 2602 ubique
991 2523 1127 2603 egerunt
1141 2538 1252 2603 nugas,

157 2629 320 2692 utomnia
344 2643 551 2707 quaecunque
574 2627 675 2693 literis
692 2629 928 2694 mandarcrunt
944 2647 1001 2712 pro
1023 2628 1110 2694 falsis
1131 2647 1169 2694 ac
1181 2647 1252 2709 per·

155 2736 256 2800 versis
278 2734 396 2800 habere
412 2735 553 2817 ideoque
584 2735 751 2818 repudiare
771 2736 875 2802 liceat.
923 2737 1024 2802 Immo
1052 2736 1159 2818 potins
1190 2754 1252 2801 non

155 2843 248 2908 modo
281 2844 440 2925 permulta
474 2846 513 2909 de
547 2844 775 2925 imperatorum
805 2845 901 2910 rebus
929 2846 1031 2926 gestis
1065 2844 1253 2928 imperiique

156 2955 244 3016 statu
260 2969 299 3018 oc
320 2952 498 3018 condicione
519 2955 707 3035 gravissima
728 2940 765 3019 et
782 2954 965 3034 dignissima
985 2959 1163 3019 memoratu
1184 2957 1252 3019 tra·

157 3058 314 3140 diderunt‚
348 3078 458 3126 verum
480 3062 576 3127 etiam
608 3063 692 3127 inter
722 3063 915 3144 ineptiarum
948 3062 1252 3143 quisquiliarumque

155 3165 348 3248 iamaginem
369 3169 457 3234 haud
479 3169 626 3251 exiguum
647 3169 858 3251 epistularum
883 3176 1091 3251 actorumque
1106 3168 1249 3254 ‘publico-

154 3293 226 3340 rum
258 3294 426 3357 numerum
455 3276 673 3356 protulerunt,
698 3279 830 3358 quaesi
852 3278 963 3362 procul
992 3278 1087 3344 dubio
1119 3295 1196 3345 vera
1216 3283 1250 3345 et

155 3386 294 3467 genuina
325 3392 531 3452 monumenta
567 3387 779 3453 existimanda
812 3395 902 3469 sunt,
942 3388 1033 3454 sicuti
1065 3387 1187 3468 lapides
1218 3392 1251 3455 et

155 3510 301 3559 nummos
322 3494 500 3560 certissima
521 3513 628 3560 rerum
649 3497 831 3562 testimonia
846 3498 936 3563 nobis
949 3495 1063 3563 afferre
1075 3499 1175 3578 patet.
1208 3499 1251 3562 At

156 3618 218 3683 quo
240 3604 392 3668 maiorem
422 3604 645 3670 auctoritatem
674 3606 759 3670 ueris
785 3605 1013 3691 imperatorum
1041 3604 1092 3669 vel
1115 3605 1251 3671 aliorum

155 3711 329 3777 illustrium
352 3711 491 3778 uirorum
514 3713 659 3794 epistulis
680 3713 819 3780 tribuere
841 3714 1001 3792 debemus,
1025 3730 1061 3777 eo
1083 3715 1185 3795 magis
1200 3732 1251 3780 ca·

155 3837 286 3886 neamus
308 3839 435 3887 necesse
457 3824 515 3897 est
547 3839 588 3885 ne
611 3839 817 3903 quaecunque
848 3823 915 3888 veri
948 3821 1083 3904 speciem
1110 3841 1189 3904 prae
1216 3840 1251 3888 se

153 3926 260 3994 ierant
284 3929 370 3994 nullo
401 3929 579 3997 discrimine
611 3931 702 3997 avide
734 3930 923 4015 arripiamus
950 3949 1030 3996 neve
1058 3929 1247 4012 scriptorum

154 4037 352 4117 quorundam
373 4040 558 4106 commentis
580 4042 678 4122 atque
697 4040 880 4122 praestigiis
899 4044 1020 4122 temere
1033 4038 1134 4120 quasi-
1148 4040 1248 4108 histo·

152 4143 227 4211 ricis
246 4146 456 4214 monumentis
476 4146 571 4216 fidem
593 4147 780 4216 habeamus.
