2820 4724
683 248 723 310 25

152 431 293 498 offendas
316 432 400 512 quod
422 432 595 514 imperator
615 447 677 495 non
693 428 795 508 modo,
815 428 890 510 quid
912 428 980 512 ipse
1003 430 1042 495 de
1056 429 1159 495 hvidii
1181 447 1251 495 con·

152 537 233 604 siliis
243 537 492 617 haudquaquam
510 535 692 618 spernendis
707 536 824 601 sentiat
836 555 874 600 ac
896 536 1012 601 iudicet
1035 536 1094 601 hac
1116 535 1252 616 epistula

151 664 218 713 uon
235 645 413 728 profitetur,
435 647 492 712 sed
521 647 560 711 de
584 645 726 726 priorum
749 647 976 724 imperatorum
1011 644 1101 711 dictis
1125 649 1249 710 senten·

152 755 276 835 disque,
301 753 417 834 quibus
438 752 570 820 tratrem
601 752 742 819 refutare
772 758 915 833 conatur,
942 754 1072 820 verbose
1102 759 1135 818 et
1159 752 1251 819 docte

153 863 287 943 disserit,
309 867 377 929 eta
396 882 459 945 quo
481 865 583 944 primo
605 862 659 927 illa
682 866 837 943 usurpata
856 862 927 943 sint,
952 863 1097 944 exponit3
1120 880 1194 926 narn
1218 860 1249 926 id

153 971 259 1053 inepte
280 975 314 1035 et
334 972 531 1038 incommode
553 973 697 1037 hocloco
718 971 842 1052 longius
862 970 1019 1052 disputari
1038 977 1071 1037 et
1085 971 1252 1037 vehemen-

154 1085 204 1147 ter
226 1079 390 1146 rhetorum
412 1079 569 1146 officinam
589 1081 732 1147 redolere
757 1081 859 1161 quivis
881 1082 957 1146 mihi
981 1081 1139 1145 concedat.

245 1189 307 1255 Sed
320 1188 423 1253 multo
436 1190 565 1270 gratiis
576 1193 633 1269 est,
658 1190 743 1271 quod
758 1190 930 1269 imperator
944 1187 1038 1253 verbo
1052 1188 1176 1254 cuidam
1189 1189 1252 1253 vim

154 1301 188 1363 et
200 1296 389 1362 sententiam
409 1298 577 1363 subiecisse
598 1298 721 1377 dicitur,
743 1315 825 1379 quae
845 1295 900 1362 illo
922 1302 1073 1378 tempore,
1096 1297 1127 1361 ni
1148 1296 1252 1377 fallor,

153 1404 183 1471 ei
204 1421 383 1484 nequaqam
405 1405 517 1470 inerat.
562 1405 643 1470 Nam
663 1424 736 1470 cum
756 1405 927 1471 Domitiani
951 1406 1048 1470 verba
1069 1404 1253 1470 adustonio

153 1515 272 1582 tradita
289 1519 333 1596 (v.
350 1516 441 1581 Dom.
458 1536 483 1581 c.
500 1514 553 1598 21)
577 1517 810 1584 »condicionem
831 1518 1009 1599 principum
1031 1517 1252 1593 miserrimam,

154 1623 267 1704 quibus
290 1624 329 1690 de
344 1625 559 1690 coniuratione
573 1630 734 1708 comperta
756 1645 818 1692 non
833 1627 1016 1692 crederetur
1030 1626 1092 1690 nisi
1110 1625 1252 1705 occisis«,

156 1732 217 1798 hac
238 1733 376 1815 epistula
398 1734 445 1799 ita
466 1734 657 1800 reddantur:
689 1737 826 1801 amisere
853 1735 991 1800 condicio
1021 1735 1254 1814 imperatorem,

155 1840 269 1923 quibus
292 1841 332 1908 de
353 1840 479 1908 adiecta
502 1844 672 1926 tyrannide
705 1844 762 1907 nisi
784 1843 892 1908 occisis
913 1860 976 1906 non
998 1846 1105 1922 potest
1138 1842 1253 1921 credi«,

155 1950 333 2032 tyrannidis
361 1967 467 2016 vocem
491 1951 575 2015 idem
597 1952 704 2017 valere
734 1969 861 2018 necesse
884 1957 932 2016 est
957 1969 994 2014 ac
1018 1951 1252 2016 coniurationia.

157 2057 255 2143 Atqui
275 2056 349 2122 inde
372 2057 452 2122 aIll
474 2076 506 2139 p.
518 2055 574 2123 Ch.
597 2078 627 2123 n.
650 2060 755 2124 seculo
779 2064 913 2124 exeunte
934 2062 1140 2140 tyrannorum
1160 2058 1255 2123 verbo

156 2164 1256 2253 quamquamsignificarisolebant,quicunqueimperiumadfectabunt

157 2278 315 2340 accontra
331 2275 556 2356 imperatorem
574 2273 760 2340 seditionem
779 2275 949 2341 movebant
958 2275 992 2355 ¹),
1011 2276 1076 2341 sive
1093 2273 1172 2338 bene
1190 2275 1256 2338 sive

156 2384 239 2449 male
253 2401 305 2449 res
320 2383 360 2449 iis
371 2384 530 2463 successit,
545 2381 645 2448 veluti
658 2381 758 2446 Pollio
774 2383 901 2462 scripsit
912 2386 951 2451 de
962 2384 1050 2449 XXX
1065 2389 1079 2447 t
1085 2383 1254 2465 yrannis

158 2490 190 2556 id
201 2495 250 2556 est
261 2490 300 2555 de
311 2490 451 2567 ducibus
465 2492 519 2571 qui
531 2510 550 2556 a
562 2491 707 2556 Gallieno
723 2487 944 2576 defecerant2),
958 2497 1013 2558 aut
1024 2491 1256 2558 Parthenianus

158 2599 199 2664 de
211 2597 461 2666 adsectatoribus
485 2601 713 2682 tyrannidis
734 2606 791 2668 aut
804 2603 893 2668 velut
911 2603 1163 2682 ipseimperator
1178 2600 1256 2665 Con·

166 2771 360 2778 ———-——

158 2891 258 2961 liqnet3
277 2907 444 2960 quamquam
456 2892 551 2954 verbo,
570 2908 625 2960 quo
638 2891 729 2945 utitur
739 2891 793 2943 Dio
809 2887 932 2960 »ἀνέγνω
950 2885 1056 2946 τοιάδε(
1077 2891 1255 2963 (imperator)

158 2987 233 3042 haud
251 2987 310 3042 scio
323 3003 358 3039 an
376 2986 446 3039 illud
459 2985 648 3057 significaturi
665 2987 736 3040 Nam
754 2987 897 3040 contiones
916 3004 1025 3055 quoque
1043 2987 1182 3042 eiusmodi
1201 3005 1258 3042 sae-

160 3083 221 3152 pius
239 3081 409 3152 perscriptas
430 3099 499 3145 esse,
519 3086 551 3136 nt
569 3081 655 3135 etiam
673 3080 709 3134 sd
728 3081 796 3134 alias
815 3081 948 3150 legiones,
977 3080 1086 3150 opinor,
1112 3082 1257 3138 mitteren-

159 3181 215 3242 tur,
232 3179 293 3246 ipse
312 3178 343 3232 L.
355 3176 443 3231 Verus
462 3177 566 3232 diserte
585 3182 705 3232 testatur
724 3178 814 3232 literis
833 3180 869 3233 ud
887 3179 1059 3234 Frontonem
1078 3180 1184 3235 missis:
1212 3183 1256 3250 (cf.

159 3274 292 3348 Fronto
321 3274 401 3343 epist.
421 3275 456 3329 ed
474 3275 577 3329 Verum
596 3274 660 3342 imp.
682 3274 717 3337 Ii,
737 3276 764 3344 3)
796 3274 896 3345 »plane
915 3294 971 3331 non
999 3279 1202 3345 contempseris
1230 3268 1259 3332 et

160 3372 301 3427 orationes
319 3370 355 3425 ad
367 3352 493 3425 senatum
507 3376 536 3426 et
553 3372 744 3426 adlocutiones
763 3378 875 3427 nostros
893 3373 930 3427 ad
947 3374 1109 3428 exercitum.
1129 3388 1132 3393 ’
1147 3373 1258 3428 Mittam

159 3468 213 3523 ithi
232 3473 261 3523 et
280 3484 421 3522 sermones
432 3485 508 3522 meos
529 3485 594 3523 cum
612 3469 743 3524 barbaris
763 3470 900 3525 habitos«

171 3634 175 3641 ι
262 3565 286 3632 1)
305 3565 365 3632 Quo
383 3569 510 3633 tempore
527 3568 618 3635 primo
630 3566 717 3621 verbo
737 3568 850 3634 tyranni
863 3567 931 3621 haec
949 3582 1022 3619 nova
1036 3564 1113 3619 notio
1132 3567 1259 3623 subiecta

160 3661 205 3729 sit,
223 3678 280 3715 non
298 3664 420 3728 constat3
444 3679 508 3715 nam
529 3679 695 3730 quamquam
713 3663 742 3714 in
760 3663 841 3716 libris
862 3666 927 3715 ante
946 3661 1097 3730 scriptores
1125 3660 1259 3718 historiae

160 3756 311 3826 Augustae,
330 3758 359 3810 ni
376 3757 466 3824 fallor,
485 3773 541 3810 non
567 3758 692 3812 occurrit
710 3761 805 3811 tamen
832 3756 956 3811 dubitari
980 3757 1085 3825 nequit,
1115 3758 1183 3826 quin
1201 3759 1258 3813 iam

161 3852 244 3920 paulo
265 3854 330 3904 ante
347 3869 398 3906 usu
416 3854 531 3920 recepta
549 3851 595 3906 sit.

260 3947 287 4015 2)
304 3945 455 4016 Perpetem
473 3948 661 4012 Gasanbonus‚
684 3965 765 4017 quem
775 3947 901 4018 plerique
919 3947 1008 4003 secuti
1026 3950 1100 4011 sunt,
1117 3946 1181 4001 ideo
1195 3949 1258 4003 Pol-

158 4045 262 4099 lionem
279 4044 382 4099 librum
400 4043 570 4102 ‘vitanXX
588 4041 777 4115 tyrannorum’
798 4046 973 4115 inscripsisse
991 4044 1162 4100 existimavit
1181 4044 1257 4115 quod

159 4140 195 4195 ad
212 4140 291 4195 XXX
304 4141 570 4196 Atheniensium
587 4146 720 4213 tyrannos
739 4142 919 4212 respexisset.
