2820 4724
687 273 727 334 38

159 457 315 534 timore,
337 456 377 522 ab
401 453 575 532 infamia,
598 455 638 520 ab
660 454 815 520 invidia
836 458 869 520 et
891 459 1063 536 postremo,
1088 455 1128 519 ab
1155 458 1256 521 omni

143 566 394 638 ‚vindicaret
415 565 607 629 iniurialo
652 564 751 645 Atqui
772 582 843 645 epm
867 565 927 630 Dio
950 563 1014 647 (71,
1040 565 1094 646 28)
1117 566 1257 646 complu-

160 692 211 740 res
234 674 317 738 viros
339 673 488 738 senatorii
505 690 630 753 quoque
652 671 769 738 ordinis
789 671 957 738 damnatos
979 691 1047 738 csse
1068 671 1167 739 refert
1188 680 1257 739 tum

160 802 178 848 e
200 783 496 848 iurisconsultorum
519 780 606 847 libris
629 781 776 847 discimus
786 781 818 865 ¹),
851 781 945 847 huius
976 781 1138 847 seditionis
1158 801 1257 851 eausa

159 891 201 956 M.
225 891 418 956 Antoninum
445 889 528 954 ultro
552 890 763 969 constituisse,
784 892 821 955 ut
841 889 869 954 si
890 887 961 970 quis
982 890 1089 956 laesae
1111 891 1259 957 maiesta-

158 1001 198 1066 tis
218 1000 381 1066 convictus
408 1004 499 1078 esset,
523 999 591 1064 eius
608 999 704 1064 etiam
728 998 842 1064 mortui
864 999 947 1064 bona
966 997 1041 1064 fisco
1064 999 1256 1065 vindicaren-

158 1116 221 1176 tur.
265 1109 372 1186 Quare
403 1108 560 1190 quianon
583 1108 754 1174 verisimile
778 1125 848 1172 esse
874 1106 1008 1187 videtur,
1030 1094 1256 1188 imperatorem

159 1219 248 1285 illam
262 1217 401 1282 omnium
415 1234 522 1282 rerum
537 1216 660 1280 veniam
676 1221 773 1297 atque
795 1216 1016 1298 impunitatem
1032 1216 1174 1282 oratione
1188 1234 1257 1298 sua,

158 1345 240 1407 quae
271 1325 337 1391 fere
359 1343 416 1406 pro
452 1325 523 1405 lege
557 1324 694 1404 valebat,
718 1326 923 1390 constitutam
954 1329 1064 1405 postea
1093 1342 1258 1391 revocasse

157 1441 254 1515 atque
274 1437 306 1500 in
328 1434 455 1499 irritum
477 1433 695 1512 vindicavisse,
718 1451 756 1497 ex
774 1433 812 1497 iis
827 1450 909 1513 quae
929 1452 1040 1499 revera
1062 1449 1135 1496 eum
1157 1435 1258 1516 egisse

157 1563 194 1610 ac
215 1550 287 1608 rate
319 1561 388 1608 esse
410 1541 546 1606 voluisse
568 1541 698 1622 scimus,
721 1542 870 1623 colligere
896 1542 979 1621 licet,
1001 1543 1096 1608 istam
1118 1559 1137 1605 a
1157 1540 1258 1607 Galli·

159 1671 237 1718 cauo
259 1651 358 1715 Cassii
380 1653 466 1716 vitae
491 1652 642 1716 insertam
664 1651 838 1716 orationem
862 1669 924 1715 non
955 1651 1054 1732 ipsius
1072 1648 1180 1731 fuisse,
1201 1651 1258 1718 sed

156 1759 293 1825 rhetoris
309 1759 483 1838 cuiusdam,
506 1757 560 1838 qui
581 1777 652 1823 cum
667 1759 709 1823 M.
723 1758 874 1823 Antonini
896 1758 1144 1827 misericordiam
1160 1764 1258 1840 atque

156 1868 386 1948 indulgentiam
402 1885 498 1947 quam
521 1867 656 1932 maxime
678 1867 839 1933 illustrare
860 1872 957 1948 atque
973 1885 1091 1948 augere
1103 1868 1256 1949 studeret,

156 1996 227 2042 eum
252 1977 521 2058 prolixiusetque
543 1975 670 2040 effusius
692 1977 890 2057 pollicentem
920 1977 1048 2056 iaceret,
1071 1996 1166 2058 quam
1188 1978 1257 2060 ipse

159 2085 333 2166 imperator
355 2084 569 2163 promittenda
594 2102 662 2151 esse
683 2086 829 2166 putabat.
873 2084 935 2149 Sed
958 2085 1036 2151 haec
1054 2087 1173 2152 leviora
1188 2104 1258 2153 esse

158 2193 301 2260 concedo.
345 2192 475 2257 Maximi
498 2196 605 2258 tamen
629 2200 679 2260 est
699 2193 848 2259 momenti
872 2194 1014 2259 adhaec
1037 2197 1256 2276 quaestionem
1326 2196 1329 2201 ’

155 2300 407 2384 persolvendam,
437 2302 520 2383 quod
541 2319 622 2382 quac
644 2303 704 2366 Dio
730 2320 770 2366 err
795 2303 932 2384 genuina
965 2303 1163 2386 imperatoris
1186 2322 1256 2370 orc-

157 2411 243 2476 tione
267 2409 307 2474 ad
330 2412 475 2474 senatum
507 2412 604 2476 missa
637 2411 734 2476 verba
767 2409 859 2476 affert
891 2411 1040 2492 insignia,
1074 2428 1113 2478 ee
1132 2413 1203 2495 ipsa
1224 2412 1256 2476 in

156 2519 307 2584 orationis
342 2520 488 2600 exemplo
518 2519 722 2584 aGallicano
752 2521 879 2598 prolato
911 2539 974 2585 non
1006 2521 1210 2586 inveniuntur
1219 2521 1256 2602 ²).

157 2629 240 2694 Nam
262 2630 410 2709 quonium
436 2645 473 2691 ea
494 2626 626 2691 fortuito
656 2626 812 2693 excidisse
841 2629 891 2692 vel
916 2648 935 2694 a
956 2631 1110 2711 scriptore
1141 2630 1256 2696 omissa

160 2808 369 2817 —-—-—-

265 2914 292 2983 r)
310 2913 346 2968 ef.
364 2914 465 2970 naum
484 2917 533 2972 ire.
550 2901 682 2986 sinerer.
702 2914 877 2984 ‘reposuere
896 2912 1013 2971 currere
1036 2921 1064 2970 e
1082 2916 1257 2973 ueterani

155 3010 206 3066 lib.
222 3011 243 3065 1.
263 3009 308 3064 ‘de
325 3011 445 3081 publicis
463 3010 579 3069 iudiciis’
601 3012 646 3067 tit.
665 3012 700 3066 ad
718 3012 810 3082 legem
828 3011 930 3067 Iuliam
949 3009 1109 3068 maiestatis’
1130 3013 1161 3069 in
1179 3013 1255 3069 Cod.

157 3105 281 3160 lustin.
299 3107 346 3160 IX.
365 3110 390 3169 8,
409 3109 433 3160 6.

263 3202 289 3269 2)
308 3201 479 3271 Xiphilin.
495 3204 550 3272 (71,
564 3203 608 3265 30,
617 3201 645 3272 2)
664 3201 732 3255 haec
749 3202 834 3256 verba
849 3202 984 3257 servavit:
1005 3199 1061 3274 ’pir
1072 3198 1125 3272 γὰρ
1138 3206 1256 3272 γένοιτο,

156 3300 219 3371 ἔφη,
240 3299 348 3370 μηδένα
367 3296 445 3369 ὑμῶν
462 3294 504 3351 ἐπ’
524 3299 594 3369 ἐμοῦ
611 3291 680 3364 μήτε
697 3299 728 3370 τῇ
747 3298 800 3370 ἐμῇ
817 3292 885 3368 μήτε
903 3299 935 3371 τῇ
951 3295 1055 3368 ὑμτέρᾳ
1075 3291 1164 3370 ψήφῳ
1183 3314 1257 3369 σφα·

154 3395 260 3465 ypram
290 3398 336 3447 καὶ
353 3396 428 3452 τέλος
446 3394 502 3465 ἔφη
525 3390 581 3447 »ὅτι
600 3387 635 3447 ἂν
652 3391 691 3465 μὴ
710 3388 804 3448 τούτου
821 3387 903 3465 τύχω,
922 3387 1035 3449 σπεύσω
1055 3390 1125 3464 πρὸς
1141 3389 1191 3446 τὸν
1206 3386 1257 3445 dci·

156 3507 263 3544 aaron«
308 3489 394 3542 Paulo
424 3489 582 3543 accuratius
609 3489 762 3543 Ioannes
790 3489 1033 3544 Antiochenur
1051 3488 1115 3556 (frg.
1137 3488 1188 3539 118
1205 3485 1255 3556 M.)

155 3585 254 3640 Dionis
272 3587 363 3640 locum
383 3585 535 3654 excerpsit:
561 3586 700 3640 ἐπέστειλε
727 3585 776 3653 (Μ.
794 3585 964 3654 Antoninus)
993 3585 1025 3656 τῇ
1043 3583 1149 3654 βουλῇ.
1170 3619 1177 3635 .
1196 3620 1203 3634 .
1223 3572 1257 3648 ἦν

155 3672 233 3736 doio
251 3683 369 3735 τοιαῦτα·
389 3675 513 3735 ’ἱκετεύω
530 3679 608 3752 ὑμᾶς,
635 3673 656 3736 ὦ
682 3676 773 3750 βουλή,
793 3674 951 3750 καθαράν
973 3697 1039 3749 μου
1058 3673 1117 3744 τὴν
1144 3672 1257 3748 ἀρχὴν

155 3771 222 3829 ἀπὸ
242 3773 371 3835 παντὸς
391 3782 530 3848 αἵματος
556 3778 773 3845 βουλευτικοῦ
801 3769 1033 3847 φυλάξασθαι.
1062 3769 1111 3844 ομὴ
1129 3776 1253 3842 γένοιτο(

156 3889 180 3925 e.
201 3887 227 3939 q·
245 3891 265 3926 s.
304 3870 410 3938 Quibus
426 3873 519 3927 verbis
537 3872 620 3942 plane
638 3876 797 3943 congruunt
815 3887 885 3940 quae
905 3867 1077 3941 Capitolinas
1097 3869 1186 3924 tradit
1197 3869 1256 3924 Ma·

153 3965 260 4022 nimum
279 3969 391 4021 secutus
412 3968 448 4037 (v.
457 3967 496 4022 M.
507 3967 572 4022 Ant.
593 3985 615 4022 c.
630 3968 690 4037 25):
711 3967 800 4035 ’petit
817 3963 866 4033 (M.
876 3964 1045 4032 Antoninus)
1063 3981 1100 4019 ne
1110 3965 1158 4034 qui
1177 3982 1255 4020 sena·

152 4055 200 4116 tor
224 4069 351 4134 tempore
379 4065 552 4134 principatus
580 4064 624 4119 ani
641 4063 831 4126 occideretur,
859 4077 902 4115 ne
926 4060 1000 4116 eiua
1024 4061 1256 4132 pollueretur

151 4161 366 4229 imperium«.
386 4160 442 4239 Sed
450 4180 486 4216 ne
495 4162 563 4219 haec
581 4161 694 4232 quidem
711 4160 807 4216 iniata
819 4157 957 4216 Gallicani
976 4159 1104 4216 oratione
1120 4158 1249 4230 legimus.
