<?xml version="1.0" encoding="UTF-8"?>
<!DOCTYPE html PUBLIC "-//W3C//DTD XHTML 1.0 Transitional//EN"
    "http://www.w3.org/TR/xhtml1/DTD/xhtml1-transitional.dtd">
<html xmlns="http://www.w3.org/1999/xhtml" xml:lang="en" lang="en">
 <head>
  <title>
</title>
<meta http-equiv="Content-Type" content="text/html;charset=utf-8" />
  <meta name='ocr-system' content='tesseract 3.04.00' />
  <meta name='ocr-capabilities' content='ocr_page ocr_carea ocr_par ocr_line ocrx_word'/>
</head>
<body>
  <div class='ocr_page' id='page_1' title='image "./deepistularumau00czwagoog_0051.png"; bbox 0 0 2820 4724; ppageno 0'>
   <div class='ocr_carea' id='block_1_1' title="bbox 371 784 1037 868">
    <p class='ocr_par' dir='ltr' id='par_1_1' title="bbox 371 784 1037 868">
     <span class='ocr_line' id='line_1_1' title="bbox 371 784 1037 868; baseline 0 -2"><span class='ocrx_word' id='word_1_1' title='bbox 371 787 524 867; x_wconf 73' lang='lat' dir='ltr'>carolus</span> <span class='ocrx_word' id='word_1_2' title='bbox 557 784 741 868; x_wconf 80' lang='lat' dir='ltr'>duneline</span> <span class='ocrx_word' id='word_1_3' title='bbox 772 785 817 863; x_wconf 88' lang='lat' dir='ltr'>de</span> <span class='ocrx_word' id='word_1_4' title='bbox 845 784 926 865; x_wconf 85' lang='lat' dir='ltr'>vita</span> <span class='ocrx_word' id='word_1_5' title='bbox 956 806 1037 867; x_wconf 89' lang='lat' dir='ltr'>sua.</span> 
     </span>
    </p>
   </div>
   <div class='ocr_carea' id='block_1_2' title="bbox 654 961 752 972">
    <p class='ocr_par' dir='ltr' id='par_1_2' title="bbox 654 961 752 972">
     <span class='ocr_line' id='line_1_2' title="bbox 654 961 752 972; baseline 0 -1"><span class='ocrx_word' id='word_1_6' title='bbox 654 961 752 972; x_wconf 63' lang='lat' dir='ltr'>ann—n·—</span> 
     </span>
    </p>
   </div>
   <div class='ocr_carea' id='block_1_3' title="bbox 57 1075 1256 1594">
    <p class='ocr_par' dir='ltr' id='par_1_3' title="bbox 57 1075 1256 1594">
     <span class='ocr_line' id='line_1_3' title="bbox 255 1075 1255 1157; baseline -0.003 -17"><span class='ocrx_word' id='word_1_7' title='bbox 255 1076 358 1140; x_wconf 88' lang='lat' dir='ltr'>Natus</span> <span class='ocrx_word' id='word_1_8' title='bbox 390 1094 461 1142; x_wconf 88' lang='lat' dir='ltr'>sum</span> <span class='ocrx_word' id='word_1_9' title='bbox 491 1075 612 1141; x_wconf 82' lang='lat' dir='ltr'>Gadani</span> <span class='ocrx_word' id='word_1_10' title='bbox 642 1097 671 1143; x_wconf 87' lang='lat' dir='ltr'>a.</span> <span class='ocrx_word' id='word_1_11' title='bbox 695 1079 725 1143; x_wconf 89' lang='lat' dir='ltr'>d.</span> <span class='ocrx_word' id='word_1_12' title='bbox 743 1078 797 1142; x_wconf 88' lang='lat' dir='ltr'>XI.</span> <span class='ocrx_word' id='word_1_13' title='bbox 818 1077 889 1142; x_wconf 88' lang='lat' dir='ltr'>Kal.</span> <span class='ocrx_word' id='word_1_14' title='bbox 912 1076 1087 1157; x_wconf 85' lang='lat' dir='ltr'>Septembr.</span> <span class='ocrx_word' id='word_1_15' title='bbox 1110 1093 1139 1140; x_wconf 90' lang='lat' dir='ltr'>a.</span> <span class='ocrx_word' id='word_1_16' title='bbox 1163 1077 1255 1156; x_wconf 82' lang='lat'>1847,</span> 
     </span>
     <span class='ocr_line' id='line_1_4' title="bbox 154 1183 1255 1268; baseline -0.002 -17"><span class='ocrx_word' id='word_1_17' title='bbox 154 1190 247 1268; x_wconf 89' lang='lat' dir='ltr'>patre</span> <span class='ocrx_word' id='word_1_18' title='bbox 271 1185 360 1264; x_wconf 89' lang='lat' dir='ltr'>Iulio,</span> <span class='ocrx_word' id='word_1_19' title='bbox 382 1185 539 1267; x_wconf 79' lang='lat' dir='ltr'>gymnasii</span> <span class='ocrx_word' id='word_1_20' title='bbox 561 1184 754 1252; x_wconf 86' lang='lat' dir='ltr'>Gedanensis</span> <span class='ocrx_word' id='word_1_21' title='bbox 774 1185 962 1267; x_wconf 76' lang='lat' dir='ltr'>professore,</span> <span class='ocrx_word' id='word_1_22' title='bbox 992 1189 1096 1251; x_wconf 90' lang='lat' dir='ltr'>matre</span> <span class='ocrx_word' id='word_1_23' title='bbox 1120 1183 1255 1249; x_wconf 79' lang='grc'>6661116</span> 
     </span>
     <span class='ocr_line' id='line_1_5' title="bbox 155 1292 1254 1376; baseline -0.002 -18"><span class='ocrx_word' id='word_1_24' title='bbox 155 1294 194 1358; x_wconf 92' lang='lat' dir='ltr'>de</span> <span class='ocrx_word' id='word_1_25' title='bbox 208 1296 303 1374; x_wconf 82' lang='lat' dir='ltr'>gente</span> <span class='ocrx_word' id='word_1_26' title='bbox 315 1293 455 1373; x_wconf 89' lang='lat' dir='ltr'>Wittrin,</span> <span class='ocrx_word' id='word_1_27' title='bbox 469 1293 558 1358; x_wconf 90' lang='lat' dir='ltr'>cuius</span> <span class='ocrx_word' id='word_1_28' title='bbox 571 1294 647 1359; x_wconf 89' lang='lat' dir='ltr'>mihi</span> <span class='ocrx_word' id='word_1_29' title='bbox 661 1292 776 1360; x_wconf 86' lang='lat' dir='ltr'>infanti</span> <span class='ocrx_word' id='word_1_30' title='bbox 789 1298 994 1376; x_wconf 87' lang='lat' dir='ltr'>praematura</span> <span class='ocrx_word' id='word_1_31' title='bbox 1007 1298 1108 1358; x_wconf 89' lang='lat' dir='ltr'>morte</span> <span class='ocrx_word' id='word_1_32' title='bbox 1123 1296 1254 1372; x_wconf 88' lang='lat' dir='ltr'>ereptae</span> 
     </span>
     <span class='ocr_line' id='line_1_6' title="bbox 154 1400 1256 1482; baseline -0.002 -17"><span class='ocrx_word' id='word_1_33' title='bbox 154 1406 263 1482; x_wconf 88' lang='lat' dir='ltr'>partes</span> <span class='ocrx_word' id='word_1_34' title='bbox 278 1401 497 1466; x_wconf 79' lang='lat' dir='ltr'>amantissime</span> <span class='ocrx_word' id='word_1_35' title='bbox 518 1402 657 1482; x_wconf 80' lang='lat' dir='ltr'>suscepit</span> <span class='ocrx_word' id='word_1_36' title='bbox 678 1401 782 1468; x_wconf 89' lang='lat' dir='ltr'>altera</span> <span class='ocrx_word' id='word_1_37' title='bbox 798 1409 904 1468; x_wconf 85' lang='lat' dir='ltr'>mater</span> <span class='ocrx_word' id='word_1_38' title='bbox 918 1401 1086 1466; x_wconf 87' lang='lat' dir='ltr'>Henriette</span> <span class='ocrx_word' id='word_1_39' title='bbox 1107 1400 1256 1481; x_wconf 82' lang='lat' dir='ltr'>degente</span> 
     </span>
     <span class='ocr_line' id='line_1_7' title="bbox 57 1508 1255 1594; baseline 0.002 -22"><span class='ocrx_word' id='word_1_40' title='bbox 57 1515 60 1519; x_wconf 86' lang='grc'><strong>’</strong></span> <span class='ocrx_word' id='word_1_41' title='bbox 155 1508 354 1591; x_wconf 89' lang='lat' dir='ltr'>Marquardt.</span> <span class='ocrx_word' id='word_1_42' title='bbox 398 1509 506 1575; x_wconf 84' lang='lat' dir='ltr'>Fidem</span> <span class='ocrx_word' id='word_1_43' title='bbox 534 1510 683 1592; x_wconf 88' lang='lat' dir='ltr'>profiteor</span> <span class='ocrx_word' id='word_1_44' title='bbox 711 1514 935 1594; x_wconf 82' lang='lat' dir='ltr'>evangelicam.</span> <span class='ocrx_word' id='word_1_45' title='bbox 980 1512 1158 1576; x_wconf 89' lang='lat' dir='ltr'>Literarum</span> <span class='ocrx_word' id='word_1_46' title='bbox 1190 1511 1255 1592; x_wconf 89' lang='lat' dir='ltr'>pri·</span> 
     </span>
    </p>
   </div>
   <div class='ocr_carea' id='block_1_4' title="bbox 149 1616 1276 3873">
    <p class='ocr_par' dir='ltr' id='par_1_4' title="bbox 150 1616 1256 3421">
     <span class='ocr_line' id='line_1_8' title="bbox 154 1616 1256 1704; baseline 0.001 -23"><span class='ocrx_word' id='word_1_47' title='bbox 154 1616 282 1685; x_wconf 91' lang='lat' dir='ltr'>mordiis</span> <span class='ocrx_word' id='word_1_48' title='bbox 302 1619 444 1685; x_wconf 89' lang='lat' dir='ltr'>imbutus</span> <span class='ocrx_word' id='word_1_49' title='bbox 467 1621 591 1703; x_wconf 75' lang='lat' dir='ltr'>patriae</span> <span class='ocrx_word' id='word_1_50' title='bbox 614 1621 700 1687; x_wconf 93' lang='lat' dir='ltr'>urbis</span> <span class='ocrx_word' id='word_1_51' title='bbox 721 1620 921 1702; x_wconf 85' lang='lat' dir='ltr'>frequentavi</span> <span class='ocrx_word' id='word_1_52' title='bbox 942 1621 1141 1704; x_wconf 83' lang='lat' dir='ltr'>gymnasium</span> <span class='ocrx_word' id='word_1_53' title='bbox 1170 1618 1256 1699; x_wconf 90' lang='lat' dir='ltr'>quod</span> 
     </span>
     <span class='ocr_line' id='line_1_9' title="bbox 153 1726 1255 1811; baseline 0.002 -19"><span class='ocrx_word' id='word_1_54' title='bbox 153 1732 231 1793; x_wconf 91' lang='lat' dir='ltr'>tunc</span> <span class='ocrx_word' id='word_1_55' title='bbox 251 1726 480 1810; x_wconf 83' lang='lat' dir='ltr'>Engelhardtio</span> <span class='ocrx_word' id='word_1_56' title='bbox 495 1748 524 1794; x_wconf 84' lang='lat' dir='ltr'>u.</span> <span class='ocrx_word' id='word_1_57' title='bbox 542 1749 566 1795; x_wconf 92' lang='grc'>6.</span> <span class='ocrx_word' id='word_1_58' title='bbox 591 1729 745 1796; x_wconf 83' lang='lat' dir='ltr'>directore</span> <span class='ocrx_word' id='word_1_59' title='bbox 766 1730 909 1795; x_wconf 88' lang='lat' dir='ltr'>florebat.</span> <span class='ocrx_word' id='word_1_60' title='bbox 952 1730 1014 1795; x_wconf 93' lang='lat' dir='ltr'>Ubi</span> <span class='ocrx_word' id='word_1_61' title='bbox 1036 1748 1106 1796; x_wconf 91' lang='lat' dir='ltr'>cum</span> <span class='ocrx_word' id='word_1_62' title='bbox 1127 1727 1255 1811; x_wconf 89' lang='lat' dir='ltr'>optimis</span> 
     </span>
     <span class='ocr_line' id='line_1_10' title="bbox 153 1836 1254 1920; baseline 0.003 -20"><span class='ocrx_word' id='word_1_63' title='bbox 153 1837 411 1918; x_wconf 88' lang='lat' dir='ltr'>praeceptoribus</span> <span class='ocrx_word' id='word_1_64' title='bbox 432 1857 508 1904; x_wconf 90' lang='lat' dir='ltr'>usus</span> <span class='ocrx_word' id='word_1_65' title='bbox 523 1838 674 1903; x_wconf 86' lang='lat' dir='ltr'>historiae</span> <span class='ocrx_word' id='word_1_66' title='bbox 688 1840 842 1920; x_wconf 89' lang='lat' dir='ltr'>imprimis</span> <span class='ocrx_word' id='word_1_67' title='bbox 864 1839 1015 1919; x_wconf 91' lang='lat' dir='ltr'>studium,</span> <span class='ocrx_word' id='word_1_68' title='bbox 1033 1839 1112 1904; x_wconf 88' lang='lat' dir='ltr'>duce</span> <span class='ocrx_word' id='word_1_69' title='bbox 1133 1836 1254 1903; x_wconf 88' lang='lat' dir='ltr'>Theo·</span> 
     </span>
     <span class='ocr_line' id='line_1_11' title="bbox 154 1943 1254 2027; baseline 0.001 -21"><span class='ocrx_word' id='word_1_70' title='bbox 154 1943 254 2009; x_wconf 90' lang='lat' dir='ltr'>doro</span> <span class='ocrx_word' id='word_1_71' title='bbox 288 1943 487 2010; x_wconf 86' lang='lat' dir='ltr'>Hirschio</span> <span class='ocrx_word' id='word_1_72' title='bbox 519 1944 697 2025; x_wconf 84' lang='lat' dir='ltr'>professore</span> <span class='ocrx_word' id='word_1_73' title='bbox 730 1964 814 2011; x_wconf 88' lang='lat' dir='ltr'>nunc</span> <span class='ocrx_word' id='word_1_74' title='bbox 843 1946 1057 2011; x_wconf 83' lang='lat' dir='ltr'>universitatis</span> <span class='ocrx_word' id='word_1_75' title='bbox 1086 1943 1254 2027; x_wconf 85' lang='lat' dir='ltr'>Gryfswal·</span> 
     </span>
     <span class='ocr_line' id='line_1_12' title="bbox 153 2053 1255 2134; baseline -0.003 -15"><span class='ocrx_word' id='word_1_76' title='bbox 153 2053 268 2130; x_wconf 89' lang='lat' dir='ltr'>densis,</span> <span class='ocrx_word' id='word_1_77' title='bbox 302 2054 513 2134; x_wconf 85' lang='lat' dir='ltr'>adamassem,</span> <span class='ocrx_word' id='word_1_78' title='bbox 535 2053 663 2120; x_wconf 89' lang='lat' dir='ltr'>ineunte</span> <span class='ocrx_word' id='word_1_79' title='bbox 685 2055 751 2119; x_wconf 88' lang='lat' dir='ltr'>veri</span> <span class='ocrx_word' id='word_1_80' title='bbox 774 2055 848 2119; x_wconf 88' lang='lat' dir='ltr'>anni</span> <span class='ocrx_word' id='word_1_81' title='bbox 872 2057 952 2118; x_wconf 84' lang='grc'>1866</span> <span class='ocrx_word' id='word_1_82' title='bbox 975 2054 1170 2120; x_wconf 85' lang='lat' dir='ltr'>academiam</span> <span class='ocrx_word' id='word_1_83' title='bbox 1192 2053 1255 2120; x_wconf 86' lang='lat' dir='ltr'>adii</span> 
     </span>
     <span class='ocr_line' id='line_1_13' title="bbox 153 2161 1256 2244; baseline 0.001 -18"><span class='ocrx_word' id='word_1_84' title='bbox 153 2162 361 2228; x_wconf 82' lang='lat' dir='ltr'>Fridericiam</span> <span class='ocrx_word' id='word_1_85' title='bbox 397 2161 601 2226; x_wconf 84' lang='lat' dir='ltr'>Guilelmiam</span> <span class='ocrx_word' id='word_1_86' title='bbox 645 2163 843 2227; x_wconf 85' lang='lat' dir='ltr'>Rhenanam.</span> <span class='ocrx_word' id='word_1_87' title='bbox 907 2162 1081 2244; x_wconf 88' lang='lat' dir='ltr'>Postquam</span> <span class='ocrx_word' id='word_1_88' title='bbox 1116 2162 1159 2227; x_wconf 93' lang='lat' dir='ltr'>ibi</span> <span class='ocrx_word' id='word_1_89' title='bbox 1197 2181 1256 2243; x_wconf 90' lang='lat' dir='ltr'>per</span> 
     </span>
     <span class='ocr_line' id='line_1_14' title="bbox 154 2270 1255 2353; baseline 0 -18"><span class='ocrx_word' id='word_1_90' title='bbox 154 2272 293 2351; x_wconf 87' lang='lat' dir='ltr'>quinque</span> <span class='ocrx_word' id='word_1_91' title='bbox 315 2272 486 2336; x_wconf 85' lang='lat' dir='ltr'>semestres</span> <span class='ocrx_word' id='word_1_92' title='bbox 507 2288 629 2336; x_wconf 89' lang='lat' dir='ltr'>summo</span> <span class='ocrx_word' id='word_1_93' title='bbox 663 2290 734 2336; x_wconf 92' lang='lat' dir='ltr'>curn</span> <span class='ocrx_word' id='word_1_94' title='bbox 755 2270 863 2337; x_wconf 87' lang='lat' dir='ltr'>fructu</span> <span class='ocrx_word' id='word_1_95' title='bbox 890 2276 922 2336; x_wconf 90' lang='lat' dir='ltr'>ct</span> <span class='ocrx_word' id='word_1_96' title='bbox 943 2272 1100 2338; x_wconf 88' lang='lat' dir='ltr'>historicis</span> <span class='ocrx_word' id='word_1_97' title='bbox 1127 2274 1160 2335; x_wconf 88' lang='lat' dir='ltr'>et</span> <span class='ocrx_word' id='word_1_98' title='bbox 1186 2272 1255 2353; x_wconf 93' lang='lat' dir='ltr'>phi·</span> 
     </span>
     <span class='ocr_line' id='line_1_15' title="bbox 153 2379 1253 2462; baseline 0.002 -20"><span class='ocrx_word' id='word_1_99' title='bbox 153 2379 292 2462; x_wconf 85' lang='lat' dir='ltr'>lologicis</span> <span class='ocrx_word' id='word_1_100' title='bbox 324 2380 438 2445; x_wconf 89' lang='lat' dir='ltr'>studiis</span> <span class='ocrx_word' id='word_1_101' title='bbox 471 2397 602 2460; x_wconf 88' lang='lat' dir='ltr'>operam</span> <span class='ocrx_word' id='word_1_102' title='bbox 639 2400 760 2447; x_wconf 89' lang='lat' dir='ltr'>navans</span> <span class='ocrx_word' id='word_1_103' title='bbox 795 2383 1005 2462; x_wconf 88' lang='lat' dir='ltr'>prodocentes</span> <span class='ocrx_word' id='word_1_104' title='bbox 1037 2382 1143 2447; x_wconf 89' lang='lat' dir='ltr'>audivi</span> <span class='ocrx_word' id='word_1_105' title='bbox 1177 2380 1253 2445; x_wconf 89' lang='lat' dir='ltr'>Ber-</span> 
     </span>
     <span class='ocr_line' id='line_1_16' title="bbox 152 2487 1254 2572; baseline -0.001 -18"><span class='ocrx_word' id='word_1_106' title='bbox 152 2489 314 2572; x_wconf 86' lang='lat' dir='ltr'>naysium,</span> <span class='ocrx_word' id='word_1_107' title='bbox 349 2487 513 2567; x_wconf 90' lang='lat' dir='ltr'>Iahnium‚</span> <span class='ocrx_word' id='word_1_108' title='bbox 548 2490 732 2569; x_wconf 89' lang='lat' dir='ltr'>Nissenum‚</span> <span class='ocrx_word' id='word_1_109' title='bbox 767 2490 806 2554; x_wconf 88' lang='lat' dir='ltr'>de</span> <span class='ocrx_word' id='word_1_110' title='bbox 839 2491 1004 2570; x_wconf 90' lang='lat' dir='ltr'>Noorden‚</span> <span class='ocrx_word' id='word_1_111' title='bbox 1040 2487 1254 2569; x_wconf 75' lang='lat' dir='ltr'>Sebastenam,</span> 
     </span>
     <span class='ocr_line' id='line_1_17' title="bbox 153 2595 1250 2680; baseline -0.002 -18"><span class='ocrx_word' id='word_1_112' title='bbox 153 2595 376 2680; x_wconf 82' lang='lat' dir='ltr'>Springcrum,</span> <span class='ocrx_word' id='word_1_113' title='bbox 408 2599 447 2663; x_wconf 88' lang='lat' dir='ltr'>dc</span> <span class='ocrx_word' id='word_1_114' title='bbox 480 2596 587 2679; x_wconf 85' lang='lat' dir='ltr'>Sybcf,</span> <span class='ocrx_word' id='word_1_115' title='bbox 618 2599 738 2670; x_wconf 88' lang='lat' dir='ltr'>contuli</span> <span class='ocrx_word' id='word_1_116' title='bbox 760 2618 811 2664; x_wconf 91' lang='lat' dir='ltr'>me</span> <span class='ocrx_word' id='word_1_117' title='bbox 838 2598 1027 2678; x_wconf 89' lang='lat' dir='ltr'>Berolinum,</span> <span class='ocrx_word' id='word_1_118' title='bbox 1063 2598 1118 2663; x_wconf 93' lang='lat' dir='ltr'>ubi</span> <span class='ocrx_word' id='word_1_119' title='bbox 1152 2614 1250 2662; x_wconf 91' lang='lat' dir='ltr'>unum</span> 
     </span>
     <span class='ocr_line' id='line_1_18' title="bbox 153 2703 1252 2786; baseline 0.001 -17"><span class='ocrx_word' id='word_1_120' title='bbox 153 2723 270 2769; x_wconf 87' lang='lat' dir='ltr'>annum</span> <span class='ocrx_word' id='word_1_121' title='bbox 291 2709 437 2771; x_wconf 83' lang='lat' dir='ltr'>uersatus</span> <span class='ocrx_word' id='word_1_122' title='bbox 461 2705 574 2770; x_wconf 91' lang='lat' dir='ltr'>scholis</span> <span class='ocrx_word' id='word_1_123' title='bbox 596 2703 724 2769; x_wconf 86' lang='lat' dir='ltr'>interfui</span> <span class='ocrx_word' id='word_1_124' title='bbox 746 2706 942 2786; x_wconf 88' lang='lat' dir='ltr'>Mommseni,</span> <span class='ocrx_word' id='word_1_125' title='bbox 964 2703 1129 2786; x_wconf 87' lang='lat' dir='ltr'>Rudorffii,</span> <span class='ocrx_word' id='word_1_126' title='bbox 1153 2705 1252 2770; x_wconf 88' lang='lat' dir='ltr'>Tron-</span> 
     </span>
     <span class='ocr_line' id='line_1_19' title="bbox 153 2813 1254 2893; baseline -0.003 -14"><span class='ocrx_word' id='word_1_127' title='bbox 153 2813 360 2893; x_wconf 87' lang='lat' dir='ltr'>delenburgii.</span> <span class='ocrx_word' id='word_1_128' title='bbox 413 2813 556 2878; x_wconf 90' lang='lat' dir='ltr'>Bonnam</span> <span class='ocrx_word' id='word_1_129' title='bbox 589 2831 734 2878; x_wconf 88' lang='lat' dir='ltr'>reversus</span> <span class='ocrx_word' id='word_1_130' title='bbox 764 2817 936 2878; x_wconf 89' lang='lat' dir='ltr'>auctumno</span> <span class='ocrx_word' id='word_1_131' title='bbox 969 2832 997 2878; x_wconf 90' lang='lat' dir='ltr'>a.</span> <span class='ocrx_word' id='word_1_132' title='bbox 1039 2815 1116 2876; x_wconf 84' lang='grc'>1869</span> <span class='ocrx_word' id='word_1_133' title='bbox 1154 2830 1254 2893; x_wconf 88' lang='lat' dir='ltr'>usque</span> 
     </span>
     <span class='ocr_line' id='line_1_20' title="bbox 153 2920 1248 3003; baseline -0.001 -17"><span class='ocrx_word' id='word_1_134' title='bbox 153 2923 195 2988; x_wconf 89' lang='lat' dir='ltr'>ad</span> <span class='ocrx_word' id='word_1_135' title='bbox 213 2920 272 2987; x_wconf 94' lang='lat' dir='ltr'>hoc</span> <span class='ocrx_word' id='word_1_136' title='bbox 284 2920 437 3003; x_wconf 87' lang='lat' dir='ltr'>temporis</span> <span class='ocrx_word' id='word_1_137' title='bbox 459 2926 662 3002; x_wconf 90' lang='lat' dir='ltr'>momentum,</span> <span class='ocrx_word' id='word_1_138' title='bbox 688 2927 722 2986; x_wconf 91' lang='lat' dir='ltr'>ut</span> <span class='ocrx_word' id='word_1_139' title='bbox 738 2923 884 2987; x_wconf 83' lang='lat' dir='ltr'>examina</span> <span class='ocrx_word' id='word_1_140' title='bbox 904 2922 1077 2999; x_wconf 85' lang='lat' dir='ltr'>absolvam,</span> <span class='ocrx_word' id='word_1_141' title='bbox 1099 2922 1248 2987; x_wconf 78' lang='grc'>1116666-</span> 
     </span>
     <span class='ocr_line' id='line_1_21' title="bbox 152 3028 1253 3112; baseline -0.001 -17"><span class='ocrx_word' id='word_1_142' title='bbox 152 3048 266 3095; x_wconf 87' lang='lat' dir='ltr'>moror.</span> <span class='ocrx_word' id='word_1_143' title='bbox 311 3030 440 3095; x_wconf 87' lang='lat' dir='ltr'>Bonnae</span> <span class='ocrx_word' id='word_1_144' title='bbox 471 3028 604 3111; x_wconf 84' lang='lat' dir='ltr'>Sybehi,</span> <span class='ocrx_word' id='word_1_145' title='bbox 641 3029 817 3107; x_wconf 88' lang='lat' dir='ltr'>Scbacferi,</span> <span class='ocrx_word' id='word_1_146' title='bbox 851 3031 1083 3112; x_wconf 86' lang='lat' dir='ltr'>Kampschultii</span> <span class='ocrx_word' id='word_1_147' title='bbox 1116 3031 1253 3096; x_wconf 88' lang='lat' dir='ltr'>benevo-</span> 
     </span>
     <span class='ocr_line' id='line_1_22' title="bbox 152 3137 1250 3222; baseline -0.001 -19"><span class='ocrx_word' id='word_1_148' title='bbox 152 3137 251 3203; x_wconf 88' lang='lat' dir='ltr'>lentia</span> <span class='ocrx_word' id='word_1_149' title='bbox 272 3140 428 3204; x_wconf 90' lang='lat' dir='ltr'>seminarii</span> <span class='ocrx_word' id='word_1_150' title='bbox 454 3138 613 3204; x_wconf 87' lang='lat' dir='ltr'>sodalibus</span> <span class='ocrx_word' id='word_1_151' title='bbox 647 3140 827 3222; x_wconf 89' lang='lat' dir='ltr'>adscriptus</span> <span class='ocrx_word' id='word_1_152' title='bbox 848 3160 933 3221; x_wconf 90' lang='lat' dir='ltr'>sum,</span> <span class='ocrx_word' id='word_1_153' title='bbox 958 3141 1096 3206; x_wconf 89' lang='lat' dir='ltr'>Berolini</span> <span class='ocrx_word' id='word_1_154' title='bbox 1118 3139 1250 3204; x_wconf 91' lang='lat' dir='ltr'>Momm-</span> 
     </span>
     <span class='ocr_line' id='line_1_23' title="bbox 150 3247 1248 3330; baseline 0.001 -19"><span class='ocrx_word' id='word_1_155' title='bbox 150 3264 245 3311; x_wconf 89' lang='lat' dir='ltr'>scnus</span> <span class='ocrx_word' id='word_1_156' title='bbox 270 3247 491 3330; x_wconf 86' lang='lat' dir='ltr'>benignissime</span> <span class='ocrx_word' id='word_1_157' title='bbox 518 3247 675 3329; x_wconf 88' lang='lat' dir='ltr'>permisit,</span> <span class='ocrx_word' id='word_1_158' title='bbox 712 3252 749 3312; x_wconf 93' lang='lat' dir='ltr'>ut</span> <span class='ocrx_word' id='word_1_159' title='bbox 783 3250 1059 3315; x_wconf 87' lang='lat' dir='ltr'>exercitationibus</span> <span class='ocrx_word' id='word_1_160' title='bbox 1092 3247 1248 3314; x_wconf 85' lang='lat' dir='ltr'>historicis</span> 
     </span>
     <span class='ocr_line' id='line_1_24' title="bbox 150 3353 346 3421; baseline 0.015 -4"><span class='ocrx_word' id='word_1_161' title='bbox 150 3353 346 3421; x_wconf 87' lang='lat' dir='ltr'>interessem.</span> 
     </span>
    </p>

    <p class='ocr_par' dir='ltr' id='par_1_5' title="bbox 149 3463 1276 3873">
     <span class='ocr_line' id='line_1_25' title="bbox 251 3463 1249 3547; baseline -0.005 -19"><span class='ocrx_word' id='word_1_162' title='bbox 251 3464 372 3542; x_wconf 84' lang='lat' dir='ltr'>Quibus</span> <span class='ocrx_word' id='word_1_163' title='bbox 385 3463 459 3528; x_wconf 85' lang='lat' dir='ltr'>viris</span> <span class='ocrx_word' id='word_1_164' title='bbox 481 3463 666 3530; x_wconf 89' lang='lat' dir='ltr'>doctissimis</span> <span class='ocrx_word' id='word_1_165' title='bbox 684 3467 827 3532; x_wconf 90' lang='lat' dir='ltr'>omnibus</span> <span class='ocrx_word' id='word_1_166' title='bbox 847 3467 967 3547; x_wconf 86' lang='lat' dir='ltr'>gratias</span> <span class='ocrx_word' id='word_1_167' title='bbox 991 3482 1051 3547; x_wconf 82' lang='lat' dir='ltr'>ago</span> <span class='ocrx_word' id='word_1_168' title='bbox 1071 3480 1166 3544; x_wconf 88' lang='lat' dir='ltr'>quam</span> <span class='ocrx_word' id='word_1_169' title='bbox 1182 3478 1249 3524; x_wconf 92' lang='lat' dir='ltr'>ma-</span> 
     </span>
     <span class='ocr_line' id='line_1_26' title="bbox 149 3569 1251 3654; baseline -0.005 -18"><span class='ocrx_word' id='word_1_170' title='bbox 149 3573 259 3651; x_wconf 73' lang='grc'>61666,</span> <span class='ocrx_word' id='word_1_171' title='bbox 279 3572 431 3654; x_wconf 91' lang='lat' dir='ltr'>imprimis</span> <span class='ocrx_word' id='word_1_172' title='bbox 452 3589 528 3636; x_wconf 88' lang='lat' dir='ltr'>vero</span> <span class='ocrx_word' id='word_1_173' title='bbox 543 3571 739 3639; x_wconf 86' lang='lat' dir='ltr'>Hirs&#39;chio</span> <span class='ocrx_word' id='word_1_174' title='bbox 754 3570 1018 3639; x_wconf 84' lang='lat' dir='ltr'>etSchaefero</span> <span class='ocrx_word' id='word_1_175' title='bbox 1040 3575 1072 3636; x_wconf 89' lang='lat' dir='ltr'>et</span> <span class='ocrx_word' id='word_1_176' title='bbox 1093 3569 1251 3633; x_wconf 89' lang='lat' dir='ltr'>Momm·</span> 
     </span>
     <span class='ocr_line' id='line_1_27' title="bbox 150 3659 1276 3763; baseline -0.001 -17"><span class='ocrx_word' id='word_1_177' title='bbox 150 3699 241 3747; x_wconf 86' lang='lat' dir='ltr'>seno</span> <span class='ocrx_word' id='word_1_178' title='bbox 264 3681 383 3762; x_wconf 86' lang='lat' dir='ltr'>optime</span> <span class='ocrx_word' id='word_1_179' title='bbox 400 3679 438 3743; x_wconf 88' lang='lat' dir='ltr'>de</span> <span class='ocrx_word' id='word_1_180' title='bbox 459 3698 509 3745; x_wconf 90' lang='lat' dir='ltr'>me</span> <span class='ocrx_word' id='word_1_181' title='bbox 532 3683 661 3762; x_wconf 90' lang='lat' dir='ltr'>meritis,</span> <span class='ocrx_word' id='word_1_182' title='bbox 685 3700 820 3762; x_wconf 86' lang='lat' dir='ltr'>quorum</span> <span class='ocrx_word' id='word_1_183' title='bbox 843 3682 995 3747; x_wconf 88' lang='lat' dir='ltr'>memoria</span> <span class='ocrx_word' id='word_1_184' title='bbox 1017 3680 1068 3763; x_wconf 95' lang='lat' dir='ltr'>pio</span> <span class='ocrx_word' id='word_1_185' title='bbox 1090 3659 1276 3763; x_wconf 70' lang='lat' dir='ltr'>gratoque&#39;</span> 
     </span>
     <span class='ocr_line' id='line_1_28' title="bbox 150 3788 741 3873; baseline 0 -17"><span class='ocrx_word' id='word_1_186' title='bbox 150 3789 254 3856; x_wconf 89' lang='lat' dir='ltr'>animo</span> <span class='ocrx_word' id='word_1_187' title='bbox 277 3806 401 3873; x_wconf 87' lang='lat' dir='ltr'>semper</span> <span class='ocrx_word' id='word_1_188' title='bbox 422 3788 498 3854; x_wconf 90' lang='lat' dir='ltr'>mihi</span> <span class='ocrx_word' id='word_1_189' title='bbox 519 3790 650 3857; x_wconf 81' lang='lat' dir='ltr'>colenda</span> <span class='ocrx_word' id='word_1_190' title='bbox 671 3792 741 3856; x_wconf 88' lang='lat' dir='ltr'>erit.</span> 
     </span>
    </p>
   </div>
   <div class='ocr_carea' id='block_1_5' title="bbox 598 4026 796 4038">
    <p class='ocr_par' dir='ltr' id='par_1_6' title="bbox 598 4026 796 4038">
     <span class='ocr_line' id='line_1_29' title="bbox 598 4026 796 4038; baseline -0.01 -1"><span class='ocrx_word' id='word_1_191' title='bbox 598 4026 796 4038; x_wconf 58' lang='grc' dir='ltr'>υ*-</span> 
     </span>
    </p>
   </div>
   <div class='ocr_carea' id='block_1_6' title="bbox 0 0 1414 4724">
    <p class='ocr_par' dir='ltr' id='par_1_7' title="bbox 0 0 1414 4724">
     <span class='ocr_line' id='line_1_30' title="bbox 0 0 1414 4724; baseline 0 1"><span class='ocrx_word' id='word_1_192' title='bbox 0 0 1414 4724; x_wconf 95' lang='lat' dir='ltr'> </span> 
     </span>
    </p>
   </div>
  </div>
 </body>
</html>
