2820 4724
722 267 760 329 18

194 448 263 511 tum
284 450 415 512 senatus
436 449 517 523 acta,
541 465 623 528 quae
644 446 790 527 ignobilis
818 447 880 513 loci
900 449 1078 517 hominibus
1113 454 1202 519 adire
1227 470 1290 518 non

192 554 292 635 licuit,
313 555 344 618 in
366 571 458 620 suam
479 572 547 618 rem
567 554 771 618 convertendi
792 559 936 635 potestas
957 561 1036 636 erat,
1060 575 1162 640 paene
1190 559 1290 624 incre·

193 661 287 727 dibile
303 681 372 728 esse
384 663 530 742 arbitror,
554 681 627 727 curn
642 665 748 729 omnia
769 663 825 728 illa
840 672 1054 744 monumenta,
1077 683 1159 745 quae
1178 669 1289 748 quanti

191 775 298 837 essent
319 772 515 837 aestimanda
546 773 595 836 vir
623 773 655 835 in
676 771 838 853 republica
871 778 1018 840 versatus
1050 775 1198 856 ignorare
1227 794 1291 841 non

191 881 304 961 potuit,
328 885 532 962 aspernatum
557 899 595 944 ex
616 901 674 947 sua
696 882 826 948 libidine
854 882 982 948 tabulas
1004 885 1178 964 literaeque
1206 902 1289 949 com·

191 995 332 1055 mentum
353 1007 423 1054 esse
442 1007 479 1054 ac
502 992 717 1071 supposuisse.
749 991 859 1069 Immo,
882 1009 916 1055 re
937 1009 1012 1056 vera
1038 1011 1111 1056 eum
1136 994 1289 1073 genuinas

190 1098 368 1180 principum
407 1097 567 1163 orationes
604 1097 911 1178 constitutionesque
950 1100 983 1162 in
1026 1099 1176 1165 historias
1214 1119 1288 1167 suas

189 1206 402 1283 transtulisse,
413 1205 604 1287 intelligitur
614 1224 686 1270 cum
699 1225 739 1270 ex
750 1224 797 1284 eo,
807 1206 898 1285 quod,
914 1225 996 1287 quae
1011 1209 1180 1288 scriptores
1191 1209 1290 1274 bisto-

191 1316 258 1379 riae
281 1315 448 1397 Augustae
471 1314 616 1394 quamvis
649 1312 823 1393 depravata
846 1320 879 1397 et
900 1317 1040 1381 mutilita
1061 1334 1102 1380 ex
1122 1317 1185 1382 illie
1214 1316 1288 1383 affc-

190 1422 748 1502 runt,universeiurisconsultorum
769 1423 858 1489 libris
878 1422 1105 1489 confirmantur
1127 1423 1181 1503 (cf.
1193 1425 1287 1489 Dirk·

189 1549 254 1597 sen.
276 1551 306 1613 p.
331 1531 403 1613 194)
425 1535 495 1595 turn
516 1548 556 1595 ex
576 1548 622 1608 eo,
647 1533 731 1610 quod
753 1549 835 1611 quae
855 1533 887 1596 in
911 1533 976 1597 vita
995 1533 1225 1598 Pertinacis
1248 1531 1287 1596 de

187 1641 388 1736 imperatoris
409 1642 480 1723 lege
496 1624 684 1706 accuratius
697 1641 878 1706 referuntur
899 1642 939 1706 ad
961 1641 1091 1706 verbum
1122 1641 1188 1706 iere
1209 1657 1281 1704 con·

189 1749 313 1829 spirant
336 1767 407 1813 cum
437 1749 574 1829 quodam
599 1751 903 1816 institutionum
935 1749 1285 1815 Iustinianearum

189 1856 306 1938 loc01).
351 1856 456 1934 Quare
489 1858 564 1923 mihi
596 1859 724 1940 quidem
759 1875 948 1938 persuasum
981 1861 1039 1934 est,
1075 1876 1171 1921 unum
1205 1857 1284 1922 illud

189 1967 383 2031 monumenti
403 1965 627 2048 fragmentum,
650 1965 734 2045 quod
755 1985 774 2030 a
796 1965 1002 2046 scriptoribus
1021 1966 1139 2030 nostris
1158 1965 1196 2031 de
1218 1964 1286 2030 Ma·

191 2074 269 2139 ximi
301 2092 396 2156 opere
418 2075 641 2155 depromptum
665 2080 723 2153 est,
757 2073 1081 2139 acclamationes
1106 2076 1288 2150 {senatus

191 2182 353 2249 Commodi
373 2183 459 2247 vitae
480 2184 624 2263 insertas,
649 2184 763 2263 quibus
782 2184 834 2248 ille
857 2183 889 2247 in
911 2181 1071 2248 interfecti
1088 2183 1287 2264 imperatoris

189 2293 372 2358 memoriam
406 2291 575 2357 invehebat
606 2290 659 2375 (cf.
692 2311 721 2356 v.
749 2291 950 2357 Commodi
980 2311 1004 2356 c.
1042 2289 1095 2374 18)
1136 2309 1176 2356 ex
1212 2293 1288 2373 ipsis

189 2405 318 2466 senatus
341 2401 418 2464 actis
440 2405 621 2482 excerptum
639 2419 705 2465 esse
727 2407 760 2466 et
783 2413 893 2466 verum
908 2401 1144 2481 genuinumque
1167 2401 1284 2466 haben·

189 2509 275 2574 dum.
319 2509 401 2574 Nam
431 2511 576 2588 quamvis
597 2509 685 2574 nobis
707 2510 823 2574 mirum
852 2514 949 2589 atque
970 2510 1112 2589 ineptum
1133 2509 1164 2573 id
1189 2509 1287 2574 accla-

188 2618 295 2683 mandi
326 2636 425 2701 genus
452 2635 521 2684 esse
543 2616 699 2696 videatur,
730 2618 812 2682 hauc
831 2617 932 2697 ipsam
955 2618 1183 2681 sententiarum
1215 2630 1286 2693 pro·

188 2727 357 2810 prietatem
379 2745 441 2791 non
464 2745 483 2791 a
506 2725 659 2806 scriptore
690 2721 797 2789 fictam
820 2727 853 2788 et
886 2725 1099 2804 excogitatam
1131 2738 1200 2786 esse
1230 2720 1287 2785 sed

188 2835 343 2900 usitatam
364 2837 462 2912 atque
484 2834 654 2899 solemnem
677 2832 772 2898 fuisse
790 2833 860 2896 luce
883 2832 1001 2897 clarius
1021 2837 1070 2897 est
1092 2835 1124 2895 et
1147 2829 1217 2895 aliis
1240 2830 1285 2893 in-

188 2944 354 3009 dubitatae
383 2941 456 3009 fidei
480 2944 742 3010 acclamationum
774 2940 933 3022 exemplis,
954 2977 994 2988 —-
1015 2940 1114 3007 veluti
1145 2939 1283 3004 fratrum

189 3049 542 3134 Arvahum²)-·certo
566 3051 787 3130 confirmatur;
810 3067 909 3130 quere
941 3067 1013 3114 cum
1036 3048 1200 3115 Cassius
1227 3049 1288 3113 Dio

299 3287 326 3354 1)
345 3284 379 3340 cf.
400 3301 425 3338 v.
444 3283 649 3338 Pertinacis
671 3283 725 3352 (ed.
744 3282 839 3352 Peter)
858 3299 882 3337 c.
904 3285 928 3346 7,
948 3284 981 3334 2:
1002 3281 1108 3350 »legem
1126 3279 1288 3342 sane'tulit,

190 3385 223 3435 ut
241 3380 405 3435 testimenta
431 3379 527 3448 priora
557 3396 614 3432 non
641 3379 718 3447 prius
744 3383 839 3432 essent
856 3379 950 3440 inrita,
979 3394 1060 3445 quam
1088 3375 1142 3429 aha
1161 3373 1287 3440 perfecta

191 3467 311 3531 essent.
333 3516 339 3529 .
358 3516 365 3529 .
383 3476 497 3544 ipseque
515 3473 659 3543 professus
685 3478 736 3536 est,
755 3473 857 3526 nullius
877 3490 907 3526 se
934 3472 1075 3524 aditurum
1101 3467 1287 3521 hereditatem

189 3589 261 3640 quae
279 3576 327 3627 aut
344 3571 505 3626 adulatione
517 3571 611 3625 delata
629 3574 704 3624 asset
722 3572 771 3623 aut
783 3568 833 3622 lite
850 3567 999 3636 perplexa«
1019 3605 1025 3618 ,
1046 3607 1052 3619 .
1076 3606 1082 3619 .
1101 3579 1165 3617 eum
1182 3563 1289 3616 Insti-

190 3671 319 3723 tution.
333 3668 520 3722 lastiniam
542 3667 738 3729 lib.11.17‚7:
759 3663 833 3718 »divi
851 3662 1008 3716 Pertinacis
1029 3661 1155 3714 oratione
1173 3663 1287 3713 cautum

190 3765 235 3833 sit,
255 3783 290 3819 ne
308 3766 378 3819 alias
395 3765 508 3819 tabulae
526 3765 633 3834 priores
652 3764 712 3817 iure
729 3761 821 3815 factae
840 3759 939 3812 irritae
955 3755 1032 3820 fiant,
1058 3755 1112 3810 nisi
1139 3759 1287 3823 sequentes

189 3861 251 3916 iure
270 3861 415 3916 ordinatae
434 3866 462 3915 et
482 3859 622 3930 perfectae
642 3858 747 3912 luerint
767 3898 773 3911 .
795 3898 800 3911 .
823 3895 830 3908 .
850 3853 957 3907 nouem
986 3852 1112 3906 oratione
1140 3851 1287 3920 expressit,

190 3975 246 4011 non
265 3958 451 4012 admissurum
470 3973 499 4011 se
518 3956 704 4011 hereditatem
720 3954 788 4016 eius,
807 3950 855 4019 qui
876 3949 933 4003 litis
949 3965 1032 4004 causa
1048 3936 1204 4018 principem
1222 3945 1286 4001 reli-

191 4052 285 4122 querit
302 4053 455 4108 heredem«
1035 4082 1049 4113 ,

299 4149 327 4219 2)
358 4148 392 4204 cf.
413 4149 570 4205 Heraens
604 4145 703 4202 »Scari
720 4146 767 4200 nel
787 4145 872 4200 bosco
892 4159 972 4199 sacro
991 4143 1038 4199 dei
1055 4141 1175 4197 fratelli«
1196 4140 1286 4195 Roma
