2820 4724
686 242 726 303 30

154 427 254 494 Cassii
282 423 455 491 defectione
486 423 658 504 imperator
689 424 806 490 certior
837 423 941 491 factus
975 431 1025 494 est
1056 425 1107 508 (of.
1137 429 1195 492 Au.
1218 427 1251 492 C.

152 555 182 599 v.
205 554 231 601 c.
244 534 287 614 9),
310 551 412 615 neque
425 533 458 596 in
479 532 642 597 Pannonia
668 532 783 598 milites
805 534 836 596 in
852 533 969 600 bellum
991 534 1181 600 adhortatus
1204 541 1252 600 est

152 641 204 726 (ci.
225 643 285 708 Dio
308 645 356 721 71,
382 642 435 724 24)
457 642 513 706 sod
535 642 567 704 in
590 640 712 706 Albano
737 659 796 706 suo
820 661 891 708 oum
907 644 1048 725 coniuge,
1071 644 1146 723 quid
1168 643 1252 710 face-

152 754 211 832 ret,
235 751 430 830 deliberavit,
449 768 551 830 neque
571 749 600 813 ei
616 748 657 812 ad
673 749 789 831 bellum
805 750 1016 832 proficiscenti
1039 752 1110 834 (Dio
1134 757 1184 832 11,
1198 755 1251 832 27)

153 859 209 926 sed
230 860 316 940 apud
336 858 480 923 Formias
502 858 637 922 moranti
660 857 807 923 Avidium
829 877 955 924 caesum
977 879 1045 927 esse
1066 861 1250 925 nunciatum
1326 904 1330 911 ›

153 974 202 1034 est
211 969 244 1049 ¹).
276 966 364 1044 Quae
385 985 456 1032 cum
480 966 526 1030 ita
547 966 622 1044 sint,
645 1003 683 1011 -
706 968 855 1046 quoniam
874 968 958 1047 quod
980 968 1252 1034 Wietersheimius

153 1077 185 1159 (l.
205 1076 227 1142 1.
249 1096 280 1158 p.
306 1078 342 1137 15
368 1074 462 1158 extr.)
485 1076 650 1141 literarum
673 1077 864 1141 auctoritate
886 1075 987 1142 fretus
1014 1077 1162 1159 opinatus
1192 1082 1250 1158 est,

152 1188 376 1269 imperatorem
410 1188 442 1251 iu
477 1186 639 1252 Pannonia
682 1192 910 1252 commoratum
942 1187 1041 1254 Cassii
1079 1187 1252 1254 defectione
1362 1197 1365 1201 ’

154 1300 316 1376 comperta
336 1297 431 1374 longo
452 1295 587 1360 circuitu
608 1313 680 1374 per
702 1293 866 1361 ltaliam
889 1296 922 1360 iu
944 1297 1053 1362 Asiam
1076 1296 1250 1377 protectum

154 1421 221 1468 esse
237 1407 274 1486 et¹
291 1421 348 1485 per
368 1421 402 1468 se
419 1403 562 1483 ineptum
587 1407 646 1482 cst,
669 1405 702 1468 et
724 1403 800 1485 ipsis
821 1404 1018 1485 imperatoris
1040 1404 1154 1483 literis,
1180 1405 1252 1484 qui-

153 1512 211 1576 bus
235 1512 302 1590 ille,
333 1529 367 1576 se
401 1510 524 1574 »beri«
554 1509 593 1576 de
623 1508 722 1575 Cassii
752 1509 905 1578 seditione
938 1514 1104 1578 certiorem
1131 1512 1251 1578 factum

154 1640 222 1689 esse
243 1620 408 1704 profitetur
419 1619 454 1700 2),
476 1626 642 1701 repugnat,
663 1655 703 1665 -—
726 1624 783 1685 aut
805 1624 976 1700 utrumque
998 1623 1126 1687 illorum
1152 1621 1249 1686 bisto-

153 1732 290 1797 rioorum
321 1727 404 1795 falsa
434 1727 552 1795 reterre
585 1734 617 1794 et
641 1731 736 1810 plane
765 1730 916 1794 hariolari
949 1735 1005 1795 aut
1034 1730 1094 1796 has
1127 1748 1251 1811 quoque

153 1840 196 1904 M.
229 1839 380 1905 Antonini
414 1844 510 1920 atque
549 1839 721 1904 Faustinae
759 1840 912 1919 epistulas
946 1840 985 1904 ab
1019 1840 1251 1921 imperitissimo

153 1949 306 2030 scriptore
329 1947 478 2013 confictas
509 1965 578 2013 esse
600 1951 780 2012 statuamus
802 1965 931 2014 necesse
956 1954 1014 2014 est.
1059 1949 1125 2015 Nec
1145 1967 1250 2028 quem·

154 2073 250 2136 quam
275 2058 330 2121 diu
352 2057 584 2120 haesitaturum
607 2073 676 2121 esse
697 2073 804 2137 sper03
837 2061 943 2120 utram
975 2058 1152 2139 opinionem
1170 2071 1250 2122 'am-

153 2168 330 2249 plectatur3
353 2183 426 2229 nam
441 2165 534 2246 'quod
558 2164 777 2229 Tillemontius
799 2164 1007 2246 iudicaverat,
1040 2166 1150 2232 literas
1181 2167 1252 2231 illas

154 2293 223 2342 esse
257 2274 504 2350 commenticias
539 2272 571 2336 id
603 2290 673 2335 moa
704 2272 831 2352 quidem
864 2275 1024 2339 sententia
1059 2279 1126 2339 tam
1162 2291 1252 2355 aper·

154 2390 222 2449 tum
259 2381 524 2462 manifestumque
558 2387 622 2460 est,
662 2385 699 2446 ut
730 2398 793 2445 non
826 2381 889 2445 iam
925 2383 1114 2448 addubitare
1146 2383 1249 2449 liceat

153 2493 242 2570 Quae
272 2492 353 2557 enim
385 2496 493 2555 contra
524 2489 699 2572 disputavit
729 2491 883 2556 Ernestus
915 2493 1025 2559 Renan
1054 2493 1088 2574 (l.
1112 2492 1148 2576 l.)
1183 2493 1251 2574 plo·

152 2619 286 2681 rumque
314 2599 420 2665 futilia
452 2602 541 2664 sunt:
574 2601 672 2665 Recte
700 2601 828 2679 quidem
856 2601 909 2667 ille
931 2602 1100 2680 contendit,
1138 2601 1250 2683 Xiphi-

153 2709 209 2773 lini
231 2707 446 2790 epitomatoris
469 2705 679 2786 negligentiae
709 2708 969 2793 posseattribui,
998 2711 1081 2790 quod
1115 2711 1250 2791 impera·

153 2823 254 2884 torem
277 2816 376 2884 Cassii
407 2815 561 2882 seditione
589 2816 708 2881 audita
730 2817 764 2879 in
788 2815 918 2881 Italiam
940 2819 1070 2884 rediisse
1102 2838 1164 2884 nou
1197 2837 1251 2883 ex·

153 2943 263 3006 presse
285 2925 478 3005 narraverit,
503 2929 537 2988 at
553 2942 616 2990 uon
638 2923 707 2988 ideo
731 2924 883 3004 epistulas
903 2930 1068 3007 suspectas
1087 2926 1249 2992 esseiudi·

154 3051 272 3111 camus,
298 3032 381 3114 quod
402 3032 456 3096 ille
474 3032 553 3096 nihil
575 3034 614 3097 de
639 3032 785 3096 Antonini
804 3033 908 3097 reditu
926 3035 1079 3113 retulerit,
1102 3034 1157 3100 scd
1177 3035 1251 3112 quia

154 3146 188 3208 et
208 3141 262 3207 ille
278 3145 310 3207 et
334 3141 527 3222 Capitolinus
541 3141 808 3222 Lampridiusque
830 3160 926 3222 quam
947 3143 1084 3207 maxime
1099 3159 1249 3222 expresse

155 3254 323 3329 testantur,
347 3268 383 3315 eo
403 3249 600 3330 potissimum
620 3236 762 3332 tempore
783 3252 1007 3333 imperatorem
1030 3252 1061 3316 in
1088 3249 1251 3315 Pannonia

155 3431 357 3440 n—-.-.--—-

265 3547 290 3615 l)
309 3545 343 3601 cf.
361 3562 387 3599 r.
405 3545 457 3599 Av.
476 3543 505 3598 Ο.
524 3561 547 3598 o.
569 3547 600 3597 11
621 3586 627 3600 .
650 3587 656 3601 .
677 3546 722 3598 .si
740 3563 774 3599 ex
793 3562 855 3600 mea
875 3546 1015 3599 sententia
1033 3540 1159 3599 debello
1180 3537 1250 3594 iudi·

155 3649 249 3699 catum
268 3646 342 3697 esset
360 3659 411 3696 nec
429 3641 583 3696 Avidius
601 3647 695 3696 esset
713 3641 860 3695 occisus.

259 3743 286 3807 2)
305 3738 337 3792 cf.
349 3738 527 3808 imperatoria
545 3739 631 3792 verba
649 3737 682 3808 (o.
696 3740 721 3801 9,
738 3739 779 3804 ll:
797 3734 895 3790 ‘Verus
915 3726 1070 3788 ...verum
1092 3733 1251 3802 scripserat,

155 3836 230 3906 quod
248 3836 363 3905 cuperet
380 3832 533 3904 imperare,
555 3834 664 3887 audisse
683 3833 757 3886 enim
775 3837 803 3886 te
821 3831 950 3892 arbitror,
971 3830 1047 3898 quod
1064 3829 1144 3883 heri
1166 3833 1251 3883 stato-

155 3949 199 3986 res
218 3932 299 3988 daeo
317 3925 495 3985 nuntiarent’.
518 3925 620 3992 ‘Hem
640 3927 715 3997 quod
732 3927 864 3981 exhibent
880 3926 945 3980 libri
963 3925 1154 3996 manuscripti,
1173 3929 1251 3980 neoto

155 4027 345 4084 Mommsenns
363 4025 492 4094 retinuit3
527 4024 654 4079 Salmasii
666 4023 836 4078 coniectura
857 4018 956 4087 ‘Veri’,
986 4041 1069 4093 quam
1086 4024 1202 4078 Pelorus
1220 4023 1249 4077 in

156 4128 268 4181 textum
285 4122 399 4194 recepit,
420 4124 503 4194 plane
522 4121 627 4176 inutilia
647 4124 709 4176 est:
