2820 4724
689 238 730 298 39

168 440 235 488 esse
269 421 323 488 vix
351 420 501 487 credibile
526 424 592 500 est,
624 419 697 485 inde
716 420 893 486 necessario
932 422 1021 499 sequi
1053 420 1268 500 existimant

165 529 251 597 istud
288 528 443 595 Gallicani
483 529 663 609 exemplum
696 527 809 595 fictum
853 548 889 593 ac
920 530 1174 595 commenticium
1214 530 1264 596 sit.

166 639 287 717 Quibus
311 639 415 705 causis
439 638 556 719 siquis
588 638 727 702 noudum
751 636 905 704 adductus
927 639 979 718 sit,
1002 644 1038 703 ut
1057 638 1133 702 mibi
1158 657 1266 705 assen-

166 749 275 829 tiatur,
299 767 371 814 eum
402 765 474 813 cum
495 746 558 810 ista
588 747 789 827 imperatoris
810 763 892 828 quae
913 747 1016 813 fertur
1048 749 1190 814 oratione
1213 766 1267 830 ge-

164 859 277 923 nuinas
297 858 340 922 M.
364 857 513 922 Antonini
537 855 690 939 epistulas
712 855 752 919 ad
770 855 949 920 Cornelium
966 856 1159 922 Frontonem
1183 874 1265 920 eom-

165 985 277 1048 parare
295 965 420 1046 .velim;
455 970 580 1031 tantum
606 964 688 1028 enim
722 963 846 1029 differre
874 964 961 1030 illius
996 965 1266 1046 corruptissimum

164 1093 339 1140 sermonem
351 1075 390 1140 ab
398 1094 446 1154 ea,
456 1092 552 1154 quarn
563 1074 623 1138 hae
631 1072 788 1152 exhibent,
796 1072 981 1154 elocutione,
991 1078 1028 1138 ut
1036 1073 1135 1139 eidem
1145 1072 1267 1139 auctori

163 1183 294 1248 attribui
317 1183 529 1263 nonpossint,
552 1182 653 1262 quivis
677 1182 843 1264 intelligat.
886 1181 947 1246 Sed
971 1182 1049 1246 satis
1072 1181 1171 1248 estid
1195 1183 1263 1246 uni·

163 1309 253 1358 verse
272 1290 482 1373 significatam
506 1293 565 1356 hoc
588 1310 685 1355 unurn
709 1295 834 1356 tantum
855 1290 1126 1370 animadvertam,
1150 1291 1183 1355 in
1203 1291 1266 1356 ista

163 1418 289 1482 quoque
309 1401 451 1466 oratione
483 1401 693 1482 »tyrannidis«
720 1399 874 1466 vocabulo
906 1419 977 1466 eam
1000 1401 1064 1464 vim
1088 1406 1120 1467 et
1141 1404 1267 1467 seuten-

164 1511 242 1575 tiam
264 1528 332 1576 esse
354 1511 538 1589 subiectam,
561 1528 657 1590 quarn
689 1510 729 1575 ab
761 1509 855 1575 huius
888 1510 1005 1576 aetatis
1037 1511 1267 1577 consuetudine

162 1619 284 1684 dicendi
304 1619 400 1701 plane
421 1619 592 1686 abhorrere
613 1622 677 1686 iam
701 1638 799 1702 supra
819 1621 940 1686 notavi.

260 1728 413 1794 Venimus
448 1730 488 1793 ad
513 1729 556 1793 M.
579 1728 731 1794 Antonini
764 1728 943 1810 epistulam,
977 1747 1041 1811 qua
1064 1748 1099 1795 se
1118 1729 1267 1795 Avidium

163 1835 307 1902 Cassium
343 1837 488 1902 omnibus
509 1837 686 1918 legionibus
720 1837 856 1916 Syriacis
885 1837 1084 1924 praefecisse
1105 1837 1265 1921 praefecto

161 1945 297 2009 nuntiat.
333 1943 402 2020 Quo
421 1949 564 2026 tempore
585 1965 624 2011 ea
645 1947 762 2029 scripta
786 1947 837 2025 sit,
861 1945 1025 2010 evidenter
1046 1948 1155 2029 liquet.
1184 1949 1267 2013 Nam

161 2052 243 2135 quod
268 2058 301 2118 et
322 2053 496 2134 imperator
517 2058 550 2120 et
571 2055 752 2134 praefectus
770 2054 977 2122 vehementer
998 2061 1187 2136 queruntur,
1210 2059 1266 2121 mi·

160 2161 232 2226 lites
245 2160 400 2242 Syriacos
411 2161 541 2228 luxuria
555 2161 736 2229 diffluentes
756 2168 853 2248 atque
875 2162 1075 2230 effeminatos
1098 2165 1138 2228 ad
1155 2165 1266 2230 intern-

160 2271 341 2349 perantiam
362 2275 394 2334 et
415 2270 544 2335 nimiam
568 2269 729 2335 licentiam
755 2271 901 2359 redactos
912 2272 936 2354 ¹)
960 2289 1038 2351 esse,
1062 2273 1094 2337 id
1108 2291 1170 2338 non
1193 2292 1264 2339 con·

158 2379 244 2444 venit
264 2379 324 2444 nisi
347 2380 462 2444 initio
486 2378 561 2445 belli
582 2379 740 2474 Parthici,
776 2398 839 2462 quo
861 2382 1001 2462 legiones
1030 2387 1062 2447 et
1083 2382 1211 2449 lascivia
1232 2387 1265 2450 et

161 2487 224 2551 otio
247 2487 368 2551 diutino
392 2491 559 2568 corruptas
584 2493 681 2567 atque
703 2488 874 2554 dissolutas
898 2489 1038 2554 adversis
1070 2492 1198 2571 proeliis
1218 2493 1265 2560 ita

159 2594 322 2676 perculsas
347 2594 443 2659 luisse
462 2595 580 2660 Fronto
602 2598 752 2675 testatur,
774 2601 812 2661 ut
838 2595 879 2662 ad
907 2599 1046 2677 primurn
1069 2597 1263 2666 Parthorum

158 2709 359 2785 conspectum
380 2709 472 2786 terga
492 2709 696 2783 verterentb.
732 2705 913 2772 Posteriora
927 2724 1001 2772 vero
1025 2713 1177 2788 tempore,
1194 2727 1264 2773 cum

159 2814 298 2896 legiones
321 2814 478 2880 severiore
500 2814 663 2897 disciplina
688 2815 842 2881 coercitae
853 2813 981 2879 Parthis
1002 2815 1134 2882 devietis
1154 2817 1258 2898 pristi-

158 2939 218 2987 nae
240 2922 361 3005 gloriae
382 2925 566 2989 memoriam
597 2928 812 3002 renovassent,
847 2922 1072 3005 imperatorem
1094 2926 1148 2990 illo
1170 2926 1262 2991 modo

160 3030 300 3097 iudicare
334 3048 396 3095 non
425 3031 582 3113 potuisse,
619 3033 722 3114 quivis
755 3030 916 3098 concedat.
966 3032 1080 3113 Itaque
1112 3035 1262 3115 quoniam

158 3138 202 3203 M.
214 3139 365 3204 Antonini
387 3142 496 3207 aetate
513 3159 585 3206 oum
605 3141 784 3224 prouinciae
806 3139 1079 3207 administratione
1102 3161 1262 3208 summum

159 3247 324 3328 imperium
345 3250 547 3315 coniunctum
568 3248 666 3316 fuisse
686 3253 818 3329 constat,
838 3249 884 3314 ita
906 3253 943 3315 ut
972 3250 1100 3331 legatus
1124 3252 1261 3333 Augusti

156 3375 214 3439 pro
235 3361 384 3438 praetore
405 3362 439 3424 et
460 3357 683 3424 iurisdictionis
715 3361 909 3438 potestatem
937 3364 1063 3440 gereret
1093 3364 1126 3426 et
1153 3361 1256 3426 militi·

259 3561 285 3630 1)
304 3559 340 3615 oi.
360 3578 385 3614 v.
397 3559 448 3615 Ar.
469 3559 497 3615 Ο.
517 3560 543 3624 ὅ,
563 3561 593 3614 5:
619 3560 737 3615 »Avidio
755 3561 881 3632 legiones
900 3560 1029 3630 Syriacas
1048 3560 1115 3616 dedi
1132 3561 1261 3630 diffluen-

158 3660 202 3710 tes
219 3657 331 3711 luxuria
348 3673 371 3711 e.
391 3674 417 3724 q.
440 3673 476 3709 a«
497 3686 531 3696 -
546 3656 604 3712 ibd.
624 3659 650 3724 ὅ,
670 3660 712 3712 10.

262 3753 290 3818 2)
316 3751 518 3819 cfflronto,
550 3751 628 3822 epist.
650 3752 687 3806 ad
706 3753 813 3810 Verum
837 3753 957 3828 imp.11,
977 3758 990 3810 1
1019 3751 1263 3823 (p.128Naberl.

159 3847 323 3904 ‚Exercitus
342 3849 396 3903 tibi
412 3847 535 3902 traditus
554 3852 616 3903 erat
633 3849 745 3903 luxuria
763 3856 791 3907 et
810 3851 930 3911 lascivia
947 3857 978 3908 et
996 3850 1057 3908 otio
1077 3849 1185 3906 diutino
1204 3865 1264 3902 cor·

155 3947 282 4012 ruptus«.
301 3973 336 3984 -
357 3945 451 3999 ldem
480 3943 634 4014 »principia
661 3944 812 4002 historiae«
846 3949 884 4019 (p.
907 3950 962 4002 206
978 3967 1020 4018 sq.
1040 3946 1164 4016 Nober):
1185 3943 1267 3998 ›Gor-

154 4040 309 4109 ruptirsimi
327 4055 394 4094 vero
414 4040 538 4095 omnium
556 4039 686 4110 Syriatici
704 4043 819 4109 militer,
840 4045 979 4109 seditiosi,
999 4042 1181 4098 contumaces
1203 4077 1209 4091 .
1231 4078 1238 4094 .
1258 4077 1264 4093 .

153 4134 267 4190 Praeter
284 4134 475 4189 huiuscemodi
493 4134 631 4192 dedecora
648 4137 727 4191 malis
745 4136 863 4208 proeliis
883 4141 926 4194 ita
944 4135 1087 4208 porculam
1109 4153 1132 4192 e.
1155 4152 1182 4205 q.
1201 4152 1223 4190 s.
