2820 4724
685 231 796 334 41>

158 456 235 522 buit.
280 454 380 533 Quem
413 459 520 520 autem
541 453 692 520 honorem
718 472 753 520 re
772 474 849 523 vera
871 455 1001 524 Cassius
1024 459 1055 524 in
1076 456 1160 523 bello
1179 459 1258 523 Par·

158 564 251 631 thicio
271 563 458 629 sustinuerit
471 563 655 646 priusquam
675 564 801 646 legatus
822 582 870 647 pr.
884 584 933 648 pr.
948 567 1057 647 Syriae
1077 564 1180 633 factus
1198 572 1257 648 est,

159 675 184 741 si
205 674 396 756 quaerimus,
415 674 491 758 mihi
513 674 641 756 quidem
662 674 694 740 id
717 677 782 741 veri
816 676 1008 742 simillimum
1030 694 1100 744 esse
1121 677 1257 757 videtur,

158 795 230 849 eum
253 784 345 849 sicuti
366 782 410 848 M.
435 783 585 848 Pontium
608 783 795 850 Laelianum
816 784 906 850 illum
931 786 1124 852 aFrontone
1146 786 1257 852 lauda·

157 898 225 960 tum
237 893 271 974 ¹),
292 892 344 973 qui
365 896 475 974 postea
497 895 530 956 et
549 891 618 974 ipse
638 893 818 973 provinciae
831 893 940 974 Syriae
963 895 1152 978 praeeratl),
1175 897 1259 961 inter

161 1001 195 1067 t.
219 1002 294 1068 Veri
315 1001 516 1082 imperatoris
538 1001 710 1068 comites
738 999 888 1085 imsse³);
923 1003 1070 1083 quicum
1104 1005 1258 1086 ipsc'An·

160 1110 296 1178 tiochiae
310 1109 468 1176 desideret
482 1109 568 1175 haud
580 1109 644 1176 scio
666 1110 810 1176 anilium
825 1129 884 1176 sua
901 1110 970 1178 rice
990 1109 1079 1193 iungi
1092 1112 1259 1189 iusserit).

156 1218 238 1284 Nam
259 1220 349 1300 quod
369 1217 504 1300 scriptor
526 1219 654 1298 quidam
675 1218 737 1286 fide
758 1220 907 1303 indignus
926 1219 1070 1286 Cassium
1099 1220 1257 1301 legionem

156 1329 284 1395 tertiam
295 1326 452 1393 Gallicam
464 1327 592 1394 duxisse
601 1326 700 1395 refert
709 1329 745 1409 ⁵),
757 1332 836 1396 etea
847 1329 1046 1409 potissimum
1056 1329 1088 1393 in
1103 1328 1258 1396 seditione

156 1437 200 1502 illi
227 1436 334 1502 dedita
355 1439 388 1500 et
414 1437 529 1502 devota
559 1435 657 1502 inisse
680 1437 806 1503 videtur
814 1441 848 1517 ⁶),
871 1439 924 1504 vix
945 1440 1018 1504 inde
1047 1439 1257 1520 colligendum

156 1562 224 1610 esse
235 1545 388 1625 existimo,
410 1544 500 1610 illum
515 1545 603 1611 initio
615 1544 691 1610 belli
712 1545 807 1612 huius
828 1547 960 1629 legionis
980 1548 1122 1629 legatum
1144 1546 1256 1613 luisse.

157 1651 280 1719 —Sed
304 1657 341 1717 ut
363 1654 404 1718 ad
430 1644 529 1719 falsas
551 1653 630 1720 istas
652 1654 802 1736 epistulas
834 1659 986 1733 reuertar,
1021 1673 1118 1736 quam
1149 1657 1258 1737 inepte

159 1766 255 1843 atque
275 1762 407 1828 ridicule
424 1761 518 1828 lictae
540 1761 604 1827 sint
625 1763 690 1828 iam
708 1781 747 1827 ex
769 1781 807 1829 eo
830 1749 965 1846 intelligi
988 1783 1082 1846 posse
1102 1781 1257 1845 moneam,

157 1871 241 1951 quod
260 1889 355 1939 uersu
389 1871 527 1952 quodam
562 1891 600 1938 »a
632 1872 713 1938 bono
744 1877 841 1954 poeta
871 1874 955 1940 dicto
976 1879 1009 1940 et
1030 1874 1175 1941 omnibus
1196 1869 1258 1938 ire·

766 2004 781 2037 ι

265 2148 291 2219 1)
309 2148 342 2204 cf.
362 2148 497 2204 Fronto
517 2150 552 2204 ad
569 2149 674 2208 Verum
692 2150 729 2216 11,
752 2154 767 2206 1
787 2153 826 2223 (p.
847 2154 899 2208 128
916 2152 1022 2221 Nabar)
1038 2151 1091 2209 ‘vir
1115 2152 1208 2222 gravis
1227 2155 1257 2206 et

157 2244 260 2300 veteris
278 2244 441 2314 disciplinae
461 2226 610 2300 Laelianus
629 2241 788 2301 Pontianus'
811 2265 834 2302 e.
852 2264 878 2316 q.
899 2265 920 2303 s.

263 2345 290 2407 2)
310 2340 344 2396 cf.
363 2341 606 2411 Waddington
623 2341 671 2398 l.l.
691 2359 719 2412 p,
733 2343 794 2397 121.
818 2341 945 2398 ‘Comes
967 2342 1042 2398 divi
1063 2337 1152 2398 Veri
1173 2341 1258 2396 titulo

156 2437 275 2507 quodam
293 2437 397 2492 Romae
415 2441 527 2509 reperto
546 2437 713 2504 nominetur,
735 2438 813 2493 cuins
833 2437 965 2493 notitiam
985 2438 1074 2494 debeo
1093 2439 1126 2494 L.
1137 2438 1258 2494 Reniero

156 2531 308 2602 (academie
324 2530 374 2587 des
390 2531 474 2587 inscr.
495 2535 524 2587 ot
541 2533 569 2586 b.
589 2532 608 2588 l.
628 2534 697 2588 1864
713 2551 741 2604 p.
760 2535 834 2602 255),

214 2651 217 2655 ¹
264 2628 292 2699 ³)
304 2627 340 2683 cf.
353 2627 492 2698 Capitolia
510 2645 537 2682 s.
553 2625 620 2683 Veri
639 2632 665 2698 7,
685 2631 703 2684 6
724 2629 776 2684 »ad
793 2625 933 2685 Eufraten
950 2629 1072 2699 impulsu
1091 2627 1259 2684 comitum

158 2741 296 2779 suorum.
319 2764 325 2778 .
347 2724 514 2795 ‚proiectus
532 2726 601 2780 eat«.
621 2755 654 2766 ···
673 2725 731 2780 ibd.
750 2728 813 2792 7,8
840 2725 968 2782 conisae
995 2724 1068 2780 bello
1096 2723 1258 2794 provincias

4 2824 22 2845 ‘
67 2894 72 2902 .
160 2839 225 2876 vero
244 2820 438 2877 comitibus
464 2821 540 2876 suis
565 2821 702 2893 regendae
722 2822 809 2877 dedit.
829 2852 862 2863 -
880 2821 923 2878 De
943 2820 1092 2876 comitibus
1109 2820 1259 2890 imperato·

155 2935 218 2972 rum
234 2918 392 2974 luculenter
409 2919 541 2975 disseruit
559 2919 791 2975 Mommsenus
809 2919 839 2973 in
853 2919 1001 2974 ›Hermes‹
1021 2915 1060 2973 IV
1077 2936 1105 2987 p.
1126 2919 1178 2971 120
1197 2933 1257 2985 sqq.

262 3016 290 3082 4)
311 3013 345 3069 cf.
363 3013 435 3069 Dio.
453 3014 498 3069 vel
511 3015 605 3086 potins
617 3014 762 3088 xiphilin,
781 3015 829 3084 qui
847 3014 919 3069 hanc
939 3013 1031 3084 operis
1048 3017 1157 3084 partem
1174 3011 1258 3066 nimis

154 3109 329 3180 negligenter
357 3111 496 3181 excerpsit
523 3111 579 3181 (71,
597 3113 623 3176 2,
643 3112 684 3180 2):
715 3106 811 3171 »critic
829 3109 884 3183 μὲν
913 3103 1052 3181 (Λούκιος)
1071 3109 1102 3163 ἐν
1123 3109 1156 3184 τῇ
1179 3102 1259 3166 πόλει

157 3199 295 3272 ἐκάθητο.
316 3246 322 3260 .
342 3212 479 3277 ,Κασσίῳ
500 3206 532 3262 δὲ
551 3203 584 3260 τὰ
602 3200 790 3279 στρατεύματα
803 3206 950 3277 ἐπέτρεψε.
970 3205 1030 3260 Nec
1047 3206 1141 3259 tamen
1160 3221 1260 3260 vereor

157 3316 193 3354 ne
211 3301 273 3370 quis
291 3300 333 3357 his
355 3301 492 3374 Xiphilini
519 3293 615 3359 verbis
638 3302 730 3358 literis
755 3302 811 3357 illis
835 3301 874 3356 Μ.
892 3300 1028 3356 Antonini
1048 3298 1133 3354 fidem
1160 3298 1259 3371 angeri

156 3395 271 3452 iudicet.

264 3492 292 3563 ὕ)
309 3491 344 3548 of.
363 3508 435 3563 quae
452 3490 631 3547 Lucianus
655 3491 684 3560 (l.
703 3491 722 3546 l.
741 3507 764 3546 c.
784 3490 831 3560 31)
849 3507 864 3546 e
882 3489 955 3545 libro
973 3486 1131 3552 cuiusdam,
1157 3487 1205 3556 qui
1223 3486 1258 3542 de

155 3589 230 3644 bello
240 3589 370 3645 Parthico
389 3587 550 3658 scripserat,
569 3585 664 3643 affert:
685 3607 708 3643 ›.
727 3625 733 3639 .
753 3628 760 3643 .
780 3582 848 3641 ἀλλὰ
865 3588 911 3639 καὶ
928 3582 961 3639 τὰ
977 3578 1130 3655 προόιμιον
1146 3583 1193 3650 τῆς
1207 3579 1257 3637 Ἰν·

157 3686 234 3752 danis
252 3679 304 3753 ἤδη
329 3689 518 3751 συντέτακται,
543 3687 589 3738 καὶ
616 3680 654 3738 τὸ
684 3687 804 3754 τρίταν
830 3675 943 3754 τάγμα
972 3682 1018 3733 καὶ
1041 3682 1068 3733 ot
1092 3681 1191 3734 Κέλται
1208 3681 1255 3757 aa)

157 3776 283 3851 Μαύρων
300 3787 385 3852 μοῖρα
399 3775 494 3849 (oiri)
514 3774 593 3848 ὀλίγη
611 3775 673 3833 σὺν
686 3783 832 3848 Κασσίῳ,
844 3770 944 3835 πάντες
961 3759 1035 3828 οὗτοι
1046 3768 1258 3845 ἐπεραιώθησαν

155 3872 204 3931 τὸν
219 3870 310 3929 Ἰνδὸν
327 3867 464 3945 ποταμόν.

255 3968 284 4037 6)
310 3967 394 4025 Velut
411 3968 507 4023 Avidii
525 3967 613 4023 Cassii
631 3967 673 4022 ita
688 3967 808 4038 legionis
826 3983 936 4038 quoque
955 3964 997 4019 111
1016 3963 1140 4020 Gallicae
1157 3980 1259 4019 nomen

154 4063 183 4120 in
199 4063 291 4120 titulis
307 4063 448 4118 nonnullis
466 4078 577 4120 erasm
595 4067 646 4120 eet.
682 4062 721 4118 Ol.
741 4080 816 4140 quae
832 4062 942 4121 notavit
956 4059 1259 4132 Waddingtonius

153 4159 189 4218 ad
209 4159 322 4228 ›Lebaa
341 4158 539 4234 inscriptions«
559 4179 586 4220 m
608 4163 678 4220 1845
696 4165 725 4218 et
744 4164 829 4225 2438.
