2820 4724
558 275 703 336 .1l

136 457 227 524 bavit
247 453 471 536 Bemhardyus
492 451 580 519 illam
601 452 778 534 opinionem
798 469 902 533 neque
922 454 1027 535 potuit
1052 454 1233 536 probare¹).

136 565 247 644 Neque
268 565 351 630 enim
374 564 543 645 scriptores
563 560 715 626 historiae
736 561 900 641 Augustae
923 580 985 626 non
1013 580 1087 628 vere
1108 562 1234 627 histori-

136 689 199 751 cos,
223 672 279 739 sed
312 671 537 751 epitomatores
570 670 620 733 vel
652 669 870 749 compilatores
894 666 992 735 luisse
1026 669 1178 746 meminit,
1200 674 1249 735 et

138 797 330 860 quamquam
352 781 382 842 in
405 777 498 842 unius
522 777 722 858 imperatoris
744 778 811 842 vita
841 795 935 858 saepe
961 779 1068 857 inepte
1096 779 1179 842 inter
1200 796 1234 843 se

135 888 312 970 pugnantia
348 884 459 952 referri
492 888 541 951 vel
576 886 686 951 eadem
720 885 824 949 odiose
843 885 952 950 iterari
983 890 1070 951 recte
1101 886 1233 964 notavit,

136 997 169 1061 id
188 1002 295 1060 minen
317 1013 356 1060 ex
381 1014 417 1059 eo
441 995 618 1060 ducendum
642 1011 711 1058 esse
732 993 905 1059 rectissime
926 994 1089 1074 perspexit
1120 993 1233 1058 Dirk·

137 1123 260 1170 senus
282 1104 315 1188 (l.
338 1104 358 1168 l.
381 1123 412 1186 p.
435 1104 476 1186 3),
499 1102 582 1183 quod
607 1105 777 1182 scriptores
801 1101 903 1167 nostri
924 1103 1066 1168 diversos
1088 1107 1234 1168 auctores

136 1213 377 1296 excerpsisseut,
398 1216 547 1294 excerpta
569 1213 636 1277 sine
649 1211 715 1275 ullo
737 1211 845 1275 ordine
867 1216 900 1276 et
919 1211 1041 1277 ratione
1062 1209 1236 1291 congessis-

135 1327 215 1388 sent.
260 1322 372 1400 Neque
399 1321 578 1402 igiturest,
609 1320 718 1385 curin
749 1319 890 1401 epistulis
922 1320 1065 1399 actisque
1099 1319 1235 1400 genuina

137 1431 297 1496 verbovel
320 1415 496 1496 sententiae
517 1432 643 1494 mutata
665 1429 800 1507 aliisque
817 1429 954 1509 expulsa
976 1445 1045 1494 esse
1065 1426 1236 1494 existimes.

136 1540 219 1605 Nam
239 1540 300 1605 etsi
316 1540 412 1605 libros
436 1539 667 1618 manuscriptos
691 1539 945 1619 corruptissimos
963 1555 1033 1603 esse
1055 1555 1092 1603 ac
1114 1537 1234 1604 mendis

136 1652 258 1713 scatere
281 1666 344 1712 non
376 1649 503 1728 ignoro,
537 1652 644 1712 tamen
667 1666 774 1713 rerum
789 1647 852 1730 {vel
881 1648 1047 1713 verborum
1079 1649 1235 1714 rationem

135 1756 182 1822 ita
216 1757 377 1820 turbatam
409 1760 441 1820 et
476 1761 658 1838 corruptam
697 1775 778 1835 esse,
826 1761 863 1822 ut
895 1762 1022 1822 nostrae
1058 1757 1235 1836 quaestioni

136 1869 221 1930 esset
254 1864 492 1945 impedimento,
533 1884 571 1930 ne
609 1883 672 1929 uno
711 1865 838 1945 quidem
875 1865 1019 1944 exemplo
1057 1864 1235 1930 confirmari

136 1975 244 2052 potest
253 1990 355 2052 neque
370 1974 427 2054 ipsi
450 1974 629 2054 scriptores,
651 1972 766 2051 quippe
783 1973 837 2051 qui
856 1972 1020 2036 literarum
1034 1973 1178 2051 exempla
1193 1971 1234 2035 ad

136 2078 267 2147 uerbum
292 2097 327 2144 se
347 2079 479 2143 reddere
498 2078 665 2158 affirment,
685 2098 725 2143 ex
746 2079 875 2143 libidine
898 2096 952 2143 eas
973 2078 1181 2160 interpolasse
1201 2083 1234 2144 et

136 2187 268 2254 vitiasse
296 2188 429 2269 putandi
450 2194 534 2253 sunt.
577 2187 665 2265 Quae
688 2207 758 2253 cnm
780 2189 827 2253 ita
852 2187 916 2252 sint
929 2187 989 2252 hac
1010 2188 1234 2253 dissertatione

136 2294 169 2359 id
183 2294 383 2375 potissimum
404 2315 462 2362 nos
474 2315 570 2378 agere
583 2303 719 2377 oportet,
740 2303 777 2362 ut
798 2297 953 2377 primodo
971 2295 1233 2376 uniuscuiusque

136 2405 285 2485 auctoris,
316 2421 410 2484 quem
438 2410 563 2471 nostros
587 2407 678 2487 quasi
699 2407 810 2473 ducem
837 2411 962 2473 secutos
995 2424 1064 2472 esse
1096 2409 1231 2483 constat,

136 2518 251 2578 natura
276 2518 309 2578 et
331 2513 445 2577 habitu
480 2521 635 2593 quantum
658 2514 726 2579 fieri
756 2520 861 2597 potest
889 2517 1090 2595 disseramus,
1122 2512 1235 2579 deinde
1290 2544 1294 2552 ⁴

136 2620 262 2701 singula
284 2622 450 2686 literarum
473 2623 570 2687 verba
591 2624 828 2703 sententiasque
857 2641 953 2703 quam
984 2625 1122 2689 maxime
1142 2640 1234 2688 acen·

137 2731 207 2793 rate
234 2729 456 2809 examinemus,
479 2732 590 2794 utrum
609 2729 657 2808 iis,
675 2746 758 2809 quae
779 2731 962 2796 certissimis
980 2733 1069 2795 velut
1089 2745 1233 2794 nummo·

137 2854 209 2900 rum
232 2854 268 2900 ao
282 2837 425 2917 lapidum
447 2839 634 2904 testimoniis
654 2838 848 2904 hauddubie
870 2839 1035 2921 explorata
1055 2843 1140 2918 sunt,
1162 2854 1233 2902 con·

137 2946 330 3028 sentiantet
351 2945 574 3013 confirmentur
595 2966 637 3012 an
650 2948 829 3029 discrepent
844 2953 876 3012 et
896 2946 1236 3029 refutentur,idenique

138 3059 175 3119 nt
197 3056 224 3119 si
254 3055 330 3134 quid
353 3057 468 3122 certius
490 3056 694 3136 effecerimus,
719 3074 756 3122 eo
780 3057 872 3122 innisi
900 3058 964 3122 alia
985 3057 1181 3122 illustremus
1203 3059 1236 3118 et

139 3163 284 3228 universe
302 3161 440 3247 fingendi
464 3167 619 3230 rationem
641 3185 845 3246 exponamus.

38 3357 41 3362 Α
238 3273 285 3338 Ac
305 3273 442 3355 primum
459 3274 584 3354 quidem
600 3276 826 3357 imperatorum
838 3276 920 3343 vitas
933 3276 1006 3342 inde
1017 3275 1057 3340 ab
1071 3275 1235 3340 Hadriano

139 3398 239 3460 usque
251 3381 293 3446 ad
312 3380 488 3446 Macrinum
503 3385 625 3446 attente
638 3384 837 3464 perlegentes
851 3401 908 3449 nos
923 3384 1033 3464 fugere
1047 3400 1110 3446 non
1121 3385 1237 3462 potest,

139 3489 216 3568 quin
236 3507 293 3556 eae
313 3489 380 3557 fere
403 3509 512 3558 omnes
534 3491 633 3557 sivea
656 3492 833 3574 Capitolino
856 3494 921 3557 sive
943 3489 1147 3571 aSpartiano
1169 3488 1235 3553 sive

243 3758 269 3828 1)
289 3757 379 3825 Quare
397 3757 595 3826 Bernhardyus
613 3757 657 3827 (R.
676 3757 707 3811 L.
727 3757 759 3812 G.
778 3773 805 3826 p.
824 3758 891 3821 714)
919 3773 953 3809 ex
970 3772 993 3810 c.
1013 3757 1046 3808 ³1
1066 3755 1142 3810 vitae
1159 3755 1236 3811 XXX

139 3855 322 3924 tyrannorum
339 3855 526 3924 oolligendum
544 3870 603 3908 esse
623 3853 776 3908 contendat
787 3852 860 3906 hanc
872 3853 958 3906 vitam
977 3851 1129 3907 aPollione
1150 3854 1238 3925 scrip·

140 3953 200 4004 tam
220 3954 318 4020 postea
336 3952 371 4005 ab
392 3951 446 4003 alio
465 3950 611 4018 scriptore,
639 3949 749 4003 reluta
768 3948 941 4017 Capitolino,
959 3951 1141 4002 retractatam
1165 3966 1236 4016 esse,

142 4049 272 4119 equidem
290 4065 346 4102 non
363 4048 502 4118 intelligo.
539 4047 626 4101 Immo
643 4047 705 4116 ipso
723 4046 771 4099 illo
799 4045 861 4099 loco
880 4044 1026 4100 evidenter
1044 4047 1179 4116 sequitur,
1201 4051 1235 4101 ut

141 4145 215 4202 idem
234 4146 282 4215 qui
301 4146 385 4199 vitam
398 4144 475 4199 XXX
491 4151 673 4214 tyrannorum
686 4143 799 4212 scripsit
817 4143 896 4196 illum
909 4144 1051 4215 epilogum
1063 4143 1233 4198 adiunxerit.
